3586 5678
443 1073 483 1138 In
505 1073 567 1139 hac
590 1073 710 1158 pagina
733 1073 920 1152 acrostichis
944 1073 1198 1154 [acrostichidis]
1221 1071 1322 1141 habet
1345 1073 1501 1157 scriptum

566 1233 704 1298 Domino
727 1233 843 1299 Nostro
865 1232 1067 1299 Constantino
1090 1233 1240 1316 Perpetuo
1262 1232 1412 1316 Aupusto.

444 1394 596 1460 Decimae
627 1393 770 1460 omnium
800 1415 952 1460 uersuum
975 1393 1117 1478 litterae,
1139 1397 1209 1459 tum
1234 1395 1334 1474 [cum]
1358 1415 1463 1458 nonae
1488 1393 1635 1458 decimae
1659 1395 1690 1454 et
1758 1375 1759 1388 ¹

354 1500 527 1566 uicesimae
551 1503 686 1565 octenae
710 1499 911 1586 [septimae],
933 1523 991 1585 per
1014 1501 1177 1566 diuersum
1200 1499 1426 1566 descendentes
1447 1500 1595 1566 ordinem
1616 1501 1688 1582 [per

355 1607 514 1688 ordinem]
545 1607 716 1692 directum,
747 1607 867 1672 litteris
900 1605 1033 1674 Graecis
1065 1611 1130 1672 tres
1162 1629 1275 1672 uersus
1307 1606 1437 1672 habent.
1492 1605 1538 1670 Et
1572 1609 1623 1670 est
1657 1606 1689 1668 in

353 1714 486 1780 decimis
509 1713 653 1780 omnium
675 1734 828 1780 uersuum
851 1713 969 1780 litteris
992 1735 1105 1778 uersus
1128 1713 1181 1778 tic
1202 1711 1342 1780 Graecus

569 1871 697 1958 Νεῑμέν
720 1890 774 1938 σοι
796 1874 936 1958 βασιλεῦ
959 1869 1102 1958 Χριστὸς
1124 1871 1179 1938 καὶ
1204 1885 1275 1950 σοῖς
1296 1872 1449 1939 τεκέεσσι.

444 2035 482 2098 In
504 2034 600 2100 nonis
624 2033 756 2099 decimis
779 2055 892 2098 uersus
916 2039 966 2100 est
987 2034 1040 2100 hic

572 2196 691 2278 Τίμιον
713 2187 865 2278 εὐσεβίης
887 2193 1039 2278 κρατέειν
1061 2191 1179 2278 ἀρετῆς
1201 2217 1236 2259 τε
1258 2196 1427 2278 βραβεῖον.

444 2355 482 2420 In
507 2354 670 2420 uicesimis
694 2355 817 2420 octenis
842 2354 1018 2438 [septimis]
1042 2357 1152 2420 autem
1174 2377 1287 2420 uersus
1310 2354 1362 2419 hic

460 2586 465 2604 .
568 2508 741 2599 Εὐνομίης
764 2509 879 2600 ἄρχειν
901 2538 936 2580 τε
958 2513 1014 2580 καὶ
1038 2513 1260 2581 Αὐσονίοισιν
1282 2511 1451 2579 ἀνάσσειν.

444 2675 501 2740 Set
532 2697 604 2740 cum
637 2675 699 2740 hoc
728 2675 839 2740 ordine
869 2675 1019 2742 deorsum
1049 2698 1179 2741 uersum
1209 2673 1328 2740 Graece
1360 2675 1525 2758 legantur,
1558 2673 1689 2738 eaedem

354 2782 490 2868 litterae,
512 2805 570 2868 per
589 2781 752 2848 diuersum
776 2781 920 2848 ordinem
943 2782 1126 2868 legentibus
1144 2785 1268 2847 rectum
1288 2782 1363 2848 dum
1383 2783 1417 2846 in
1436 2782 1550 2846 eadem
1570 2781 1690 2864 pagina

354 2888 512 2972 locantur,
534 2889 683 2954 uersibus
702 2887 828 2954 Latinis
847 2889 1036 2974 obsequium
1056 2911 1149 2954 suum
1168 2889 1358 2954 Latinarum
1376 2889 1561 2954 litterarum
1581 2887 1689 2952 officio

355 2995 524 3080 praebent,
542 2997 580 3060 ut
598 2995 643 3060 sit
660 2995 848 3079 diuersitas,
869 3017 941 3060 cnm
960 2995 1021 3061 hac
1040 2995 1161 3061 Graece
1181 2995 1381 3084 significatus
1405 3016 1482 3060 suos
1507 2993 1691 3078 exprimant

355 3102 567 3186 [exprimunt]
573 3151 582 3185 ‚
604 3102 665 3167 hac
688 3100 811 3167 Latine.
