3626 5676
273 407 409 454 XXXVIII
800 407 1071 484 COMMENTARIVS

363 567 384 634 5
408 565 446 632 de
469 591 520 633 uu.
545 566 720 651 rhopelicis
744 567 783 634 cf.
806 567 837 632 d.
859 590 884 634 r.
907 591 950 635 m.
972 569 1046 635 462.

364 674 482 739 9-15
512 674 550 738 de
574 696 626 739 uu.
649 673 888 739 recurrentibus
913 673 1033 740 dictum
1056 675 1100 740 ib.
1122 677 1198 759 462,
1221 676 1252 740 3.
1297 677 1500 760 reperiuntur
1524 681 1608 744 tales

276 781 373 844 etiam
396 781 432 846 in
455 780 647 866 anthologia
670 778 801 846 Graeca.
1443 857 1446 862 ,

364 891 398 975 9,
424 889 465 953 10
488 887 568 952 haec
590 887 705 952 melius
730 887 770 952 ud
793 889 964 973 sequentia
987 887 1175 974 trahuntur,
1198 912 1296 974 quum
1319 914 1391 957 cum
1413 894 1607 977 praeceden-

275 996 362 1062 tibus
385 999 566 1062 nectuntur.

365 1105 404 1168 11
431 1109 503 1170 lucc
525 1103 722 1190 iungendum
745 1124 818 1168 cum
841 1106 892 1168 est
908 1103 1070 1186 plautum
1086 1138 1123 1150 -
1140 1102 1214 1170 tuce
1227 1104 1378 1190 iungend.
1393 1128 1467 1172 cum
1477 1107 1606 1190 yuude'u.

367 1215 407 1282 12
423 1213 580 1296 mudule
602 1211 723 1289 saeclis,
745 1211 782 1275 lc
803 1231 827 1276 s.
844 1233 879 1294 p.

366 1319 506 1410 12-15
534 1319 614 1384 haec
636 1318 694 1382 ubi
717 1320 886 1382 recurrunt
908 1317 957 1383 iu
979 1317 1181 1403 explicanda:

516 1425 688 1510 imperium
715 1425 819 1509 petris
843 1428 876 1490 et
899 1422 1000 1510 (patri
1024 1424 1102 1490 dunt
1126 1422 1247 1511 sidere)
1271 1425 1384 1490 saeclis

515 1554 650 1598 munere
672 1531 788 1617 partiri
812 1531 858 1596 sic
882 1531 963 1598 bene
986 1530 1160 1616 perpetuis.

516 1639 639 1704 Romae
663 1661 761 1704 aurea
784 1638 839 1702 lux
862 1641 898 1702 tu
922 1637 998 1702 date
1021 1659 1167 1724 magnae.
1212 1639 1287 1724 tibi,
1310 1643 1431 1723 sancte,

516 1749 624 1828 metra!
643 1745 744 1810 ardua
766 1749 871 1829 uates,
895 1745 956 1809 tibi
980 1745 1064 1810 ruris
1088 1746 1178 1812 canit
1200 1746 1275 1812 ista.

365 1853 457 1939 XVI,
476 1854 540 1937 2,3
564 1854 691 1936 llnyuue
713 1851 832 1936 pendet
850 1874 870 1916 e
887 1873 1031 1932 munera,
1056 1851 1229 1918 Graiorum
1252 1875 1272 1917 a
1294 1854 1425 1938 linquae.
1448 1853 1564 1936 iuclylu
1587 1853 1607 1917 l.

278 1983 317 2026 m.
341 1961 390 2045 G„
414 1962 532 2026 litteras
555 1959 709 2044 alphabeti
732 1958 853 2023 Graeci.

366 2069 529 2148 decurrit,
552 2063 658 2133 Musa.

369 2176 408 2238 16
434 2175 537 2258 Tyrii,
561 2172 837 2257 Ouellaqc'clences.

369 2281 419 2364 17,
445 2281 484 2345 18
513 2281 691 2362 tranquillis
712 2279 820 2344 luctor
841 2279 913 2343 urbi
934 2279 1048 2359 Asrlcu
1071 2279 1268 2362 cneorum,
1302 2282 1378 2366 quia
1402 2304 1440 2348 ex
1463 2305 1501 2348 ee
1525 2305 1609 2348 com-

280 2391 405 2452 meatus
428 2387 463 2452 in
485 2387 598 2452 urbem
622 2386 874 2451 aduehebentur.
968 2371 969 2374 Ἴ
1068 2388 1075 2398 “

368 2497 408 2561 21
432 2496 510 2577 fulls
533 2496 596 2562 abl.
686 2496 730 2560 22
752 2515 875 2572 comen,
899 2491 1092 2559 Caesareum.

368 2605 409 2668 27
434 2608 518 2682 ruta,
536 2603 685 2686 perfectu,
709 2602 821 2666 bonclm
843 2602 959 2666 exilum
980 2599 1133 2666 lubentia.
1156 2606 1228 2666 ratu
1250 2602 1407 2691 producte
1426 2604 1547 2688 priore3
1571 2604 1609 2667 cf.

280 2711 364 2776 der.
389 2710 529 2775 m.349.

369 2819 412 2882 32
435 2818 481 2882 tui
503 2817 623 2883 nomin.
667 2819 817 2896 spectant,
840 2818 1025 2896 exspectant,
1048 2815 1084 2878 ut
1108 2813 1237 2897 saepius
1260 2814 1320 2880 hcc
1345 2819 1460 2880 aetate.

369 2925 467 2990 schol.
495 2949 525 2990 u.
549 2926 569 2989 2
597 2919 757 3007 κρατέειν,
789 2942 851 2987 esse
872 2921 1032 2986 inuictum.
1084 2943 1114 2986 u.
1138 2921 1158 2985 3
1187 2914 1345 3006 εὐνομίης
1368 2917 1483 3008 ἄρχειν
1506 2947 1555 3006 ce,
1582 2930 1612 2990 et

231 3027 233 3029 ’
280 3038 433 3098 electorem
456 3051 517 3096 esse
539 3029 668 3113 leqltlml
690 3049 794 3093 rerum
816 3033 923 3094 elutus.

368 3135 472 3202 XVII.
495 3136 557 3201 hoc
581 3157 753 3200 carmena
777 3134 970 3200 scholastico
994 3133 1101 3218 aliquo
1126 3133 1270 3200 additum
1295 3160 1366 3202 esse
1388 3137 1544 3220 suspicor.

370 3245 390 3308 2
417 3243 516 3308 Musa
537 3243 699 3318 Murccls;
733 3241 811 3306 Aue.
835 3239 913 3325 (lup.
936 3262 986 3327 cr..
1002 3241 1054 3306 eff.
1080 3250 1096 3306 1
1130 3242 1213 3306 aeres
1240 3243 1275 3306 lc
1302 3244 1431 3326 mucis,
1463 3249 1613 3310 numerat

281 3373 356 3435 quos
379 3351 477 3416 Musa
498 3347 657 3416 Maronis.

372 3460 392 3523 3
409 3458 577 3541 preprium
599 3457 727 3534 sentire,
743 3456 892 3538 proprius
913 3475 1026 3522 censue.

371 3566 391 3631 5
413 3565 489 3648 {tuce
507 3583 610 3629 accus.
625 3599 669 3608 -
688 3565 747 3627 cet.
761 3565 837 3645 post
851 3561 882 3626 h.
896 3583 925 3625 u.
940 3561 1141 3647 exciderunt,
1159 3563 1275 3647 quibus
1291 3563 1485 3630 indicaretur
1500 3587 1612 3630 uersus

282 3674 410 3740 rubrica
433 3671 571 3756 scriptos
594 3692 679 3734 nunc
697 3674 785 3734 recte
805 3669 872 3753 uic,
894 3691 980 3733 nunc
1002 3669 1133 3754 oblique
1152 3669 1343 3735 descendere
1363 3670 1414 3734 uel
1433 3670 1613 3736 escendere.

373 3781 414 3846 10
438 3781 561 3862 leucum
576 3777 690 3860 peteris
707 3777 832 3859 implere
850 3777 1008 3852 columem
1032 3777 1107 3859 quic
1129 3779 1258 3860 praeter
1281 3776 1355 3840 illos
1380 3775 1487 3840 decem
1510 3777 1610 3842 etium

284 3891 344 3954 hos
368 3909 480 3952 uersus
504 3886 582 3951 licet
605 3883 804 3950 concinnari:

454 3987 456 3991 ’
540 3991 683 4077 Augusti
705 3991 818 4058 florem
841 3990 947 4074 pietas
972 3988 1120 4054 sustollet
1143 3989 1176 4055 in
1200 3993 1299 4054 estre.

540 4101 638 4168 Aonii
661 4100 810 4182 frutices,
833 4122 863 4183 p.
887 4121 911 4162 s.
934 4099 954 4162 i.
978 4120 1006 4161 a.
1356 4170 1358 4174 ι

541 4210 650 4274 Aurea
672 4208 829 4272 uictorem
852 4205 958 4290 pietas
982 4203 1074 4268 iuuat
1097 4225 1249 4287 armaque
1272 4203 1357 4267 diue.

542 4315 580 4378 A.
604 4338 633 4378 u.
656 4335 687 4396 p.
711 4312 816 4398 magis
840 4314 935 4376 ornat
959 4314 1081 4394 aperta.

540 4422 645 4485 Aucta
669 4419 728 4484 deo
751 4419 854 4484 uIrtus
878 4417 990 4482 Muses
1013 4417 1105 4482 iuuat
1128 4437 1281 4500 armaque
1305 4416 1388 4480 diue.

541 4527 580 4592 A.
604 4527 632 4592 d.
656 4551 686 4592 u.
709 4525 752 4592 M.
776 4529 871 4591 sonat
893 4525 991 4590 ubere
1015 4524 1134 4610 lingua.

541 4633 665 4700 Aonios
689 4634 801 4700 latices
824 4633 930 4716 pietus
953 4631 1058 4718 magis
1082 4635 1178 4696 ornet
1200 4634 1322 4714 aperte.

542 4740 581 4805 A.
604 4741 624 4806 l.
647 4763 678 4826 p.
702 4743 797 4806 sonat
819 4740 917 4804 ubere
940 4737 1061 4824 lingue..
