3626 5676
265 569 268 576 ¹
309 517 374 562 VIII
870 516 1084 563 PROOEMIVM.

310 675 432 740 minum
454 676 642 757 Latinorum
666 679 804 762 aequent
822 675 1089 759 mediocritatem,
1114 698 1209 758 saepe
1228 675 1353 760 quidem
1374 677 1561 742 obscuriora
1578 677 1638 741 illa

310 785 343 844 et
360 781 565 865 impeditiora
583 784 624 847 ob
644 782 868 847 difficultatem
886 782 1144 866 praestigiarum.
1177 781 1270 857 Quod
1289 804 1361 846 cum
1379 783 1426 846 ita
1444 783 1500 868 sit,
1523 783 1636 848 dubito

310 889 505 972 plerumque,
528 911 570 952 an
592 889 697 977 magis
716 889 932 952 excusandum
950 889 1130 952 existimem
1149 887 1333 972 Porfyrinm
1353 911 1448 972 quam
1462 888 1638 972 Nasonem,

311 1016 384 1058 cum
407 994 460 1058 hic
484 994 571 1058 exilii
593 995 817 1079 desperatione
841 996 997 1059 lectorum
1021 995 1159 1077 animoa,
1180 995 1237 1070 ille
1260 996 1368 1060 oculos
1391 995 1547 1080 fatigarit.

399 1099 516 1166 Insunt
539 1105 646 1165 autem
670 1102 704 1166 in
727 1102 795 1165 eius
818 1101 992 1185 poematis,
1015 1121 1097 1185 qnae
1119 1121 1159 1164 ne
1183 1099 1306 1165 Graeca
1329 1101 1459 1186 quidem
1481 1099 1638 1166 facilitate

312 1208 440 1292 assequi
463 1207 560 1272 liceat
581 1207 728 1272 ludibria.
990 1187 995 1196 ’

403 1331 537 1407 Quando
576 1331 680 1396 editus
717 1333 761 1397 sit
796 1331 1011 1416 panegyricus
1048 1333 1189 1416 primum‘
1225 1331 1405 1397 declaratur
1444 1351 1541 1394 uersu
1581 1329 1638 1395 illo

311 1435 404 1524 (xv1
427 1435 499 1522 aa:

523 1581 676 1644 uirtutum
698 1581 816 1644 mattas
838 1581 982 1644 dicentia
1000 1581 1143 1662 praecipe
1165 1584 1218 1644 aot
1240 1629 1247 1644 .

310 1739 423 1822 Itaque
447 1739 585 1822 scriptus
610 1742 660 1802 est
682 1741 715 1802 et
738 1724 861 1803 dicatus
884 1739 1107 1803 uicennalibus
1133 1736 1338 1804 Constantini
1362 1740 1417 1822 eis,
1441 1760 1522 1823 quae
1535 1739 1639 1802 'finito

310 1846 446 1911 consilio
474 1830 692 1926 oecumenico,
716 1867 800 1910 anno
824 1846 952 1928 imperii
974 1844 1035 1909 XX
1058 1845 1153 1926 inito,
1176 1843 1315 1910 Nicaeae
1340 1845 1407 1909 siue
1430 1844 1640 1910 Nicomediae

311 1951 488 2015 celebrauit
511 1949 755 2015 Constantinus.
801 1951 908 2035 Magis
935 1955 1045 2016 tamen
1069 1951 1205 2015 inclinat
1228 1951 1368 2034 animus,
1398 1955 1435 2015 ut
1458 1951 1640 2014 existimem

131 2122 133 2130 χ
204 2091 206 2094 >
311 2055 519 2120 Nicomediae
553 2056 698 2121 oblatum
730 2054 873 2140 Porfyrii
904 2057 1134 2140 panegyricum
1168 2054 1399 2141 Constantino,
1426 2057 1640 2122 consideratis

311 2163 457 2228 uersibus
476 2163 542 2226 illis
561 2163 596 2225 in
615 2163 766 2247 carmine,
786 2163 870 2248 quod
890 2163 1030 2246 primum
1049 2186 1069 2226 a
1086 2163 1181 2228 nobis
1200 2163 1321 2246 publici
1339 2163 1420 2227 iuris
1438 2163 1640 2228 factumest:

434 2355 435 2358 ¹
522 2323 577 2386 lios
599 2343 690 2405 rupes
713 2322 821 2388 Cirreo
843 2328 928 2388 sonet
948 2325 1109 2408 uideamus
1131 2344 1268 2388 coratscos

523 2429 635 2493 Ponti
657 2429 849 2510 nobilitate,
872 2430 971 2494 altero
992 2429 1107 2507 Romo,
1130 2431 1219 2494 dieses

311 2586 396 2652 Sane
427 2587 636 2653 Nicomediae
669 2611 688 2652 a
719 2591 865 2672 tempore
897 2587 970 2652 inde
1002 2587 1210 2672 Diocletiani,
1243 2611 1338 2672 quem
1373 2589 1531 2654 studuisse
1568 2610 1639 2653 eam

311 2694 432 2760 Romae
463 2717 639 2785 coaequare
662 2695 762 2759 refert
784 2695 973 2760 Lactantius
997 2693 1039 2778 (d.
1063 2719 1105 2759 m.
1127 2718 1158 2778 p.
1182 2718 1208 2760 c.
1231 2692 1320 2780 VII),
1344 2695 1531 2779 saepissime
1554 2718 1640 2760 com-

311 2804 454 2867 moratos
478 2823 547 2866 esse
570 2801 781 2884 imperatores
804 2801 971 2866 Romanos
999 2806 1129 2867 constat
1155 2803 1242 2866 inter
1269 2823 1389 2866 omnes.
1434 2801 1479 2866 Et
1506 2801 1641 2866 eandem

311 2907 439 2972 Iuliano
473 2905 604 2972 Caesari
639 2909 773 2991 propter
809 2907 1080 2992 magnificentiam
1119 2929 1252 2992 operum
1284 2908 1497 2999 publicorum¹
1517 2909 1642 2990 pariter

257 3025 259 3028 ’
312 3017 345 3077 et
376 3015 579 3098 priuatorum
612 3015 702 3078 uelut
732 3017 857 3097 partem
889 3015 994 3078 uisam
1026 3015 1114 3079 urbis
1147 3014 1270 3079 Romae
1302 3017 1415 3078 narrat
1447 3013 1640 3078 Ammianus

311 3119 419 3204 XXII,
442 3121 472 3206 9,
495 3121 525 3186 3.

402 3225 488 3292 Hinc
517 3248 583 3291 non
614 3226 731 3289 mirum
762 3225 847 3309 quod
877 3225 984 3310 Crispi
1013 3231 1050 3290 ut
1078 3227 1221 3292 florentis
1254 3231 1287 3290 et
1318 3227 1460 3292 nondum
1493 3227 1640 3290 concussi

312 3332 459 3396 meminit
481 3330 665 3415 Porfyrius‚
688 3331 778 3396 cuius
800 3353 851 3396 res
874 3331 1036 3414 posterius
1060 3335 1136 3396 sunt
1159 3354 1298 3398 euersae.

404 3437 553 3502 Ceterum
576 3437 631 3501 uix
654 3441 704 3502 est
727 3439 812 3522 quod
835 3458 985 3503 moneam
1007 3440 1239 3524 panegyricum
1262 3441 1365 3504 festae
1385 3462 1481 3524 quam
1500 3437 1566 3502 dixi
1580 3433 1639 3503 'oc-

313 3544 437 3609 casioni
461 3543 502 3608 ob
526 3565 597 3608 eam
620 3543 826 3627 potissimum
850 3566 980 3608 causam
1000 3544 1197 3609 destinatum
1214 3545 1315 3610 fuisse
1335 3568 1355 3608 a
1372 3545 1530 3629 Porfyrio,
1554 3545 1640 3629 quod

313 3649 461 3716 solebant
483 3649 547 3713 fere
570 3650 791 3734 imperatores,
814 3651 941 3734 quando
960 3651 1145 3716 decennalia
1164 3651 1232 3716 siue
1251 3651 1432 3716 uicennalia
1450 3652 1503 3715 uel
1522 3650 1641 3714 similia

313 3757 533 3840 celebrabant,
569 3754 724 3820 tollendis
761 3756 829 3820 siue
863 3757 1051 3842 mitigandis
1083 3758 1195 3841 poenis
1230 3758 1457 3824 damnatorum
1493 3757 1640 3820 fauorem

313 3884 464 3947 quaerere
483 3861 603 3945 populi.
639 3859 752 3946 Neque
771 3865 901 3944 poetam
921 3885 993 3946 spes
1013 3885 1072 3927 sua
1089 3862 1208 3928 falsum
1226 3863 1349 3928 habuit.
1381 3863 1467 3928 Nam
1482 3862 1640 3928 Constan-

314 3969 401 4032 tinus
425 3989 521 4052 opere
546 3968 655 4032 oblato
680 3967 851 4032 admodum
876 3968 1054 4032 delectatus
1077 3969 1244 4033 reuocauit
1267 3991 1340 4050 eum
1364 3969 1404 4033 ab
1430 3969 1533 4033 exilio.

400 4071 439 4136 Id
462 4073 589 4158 quando
613 4074 736 4138 factum
759 4073 803 4136 sit
826 4075 888 4138 etsi
910 4096 977 4138 non
1001 4061 1079 4138 satis
1104 4077 1241 4159 constat,
1263 4079 1373 4164 tamen
1397 4095 1506 4138 omnes
1524 4074 1641 4158 proba·
1669 4089 1672 4099 ¹

314 4179 450 4244 bilitatis
474 4179 588 4263 implet
609 4201 760 4246 numeros
766 4231 775 4264 ,
805 4201 843 4245 eo
873 4181 945 4264 ipso
976 4185 1134 4266 tempore,
1167 4203 1229 4266 quo
1252 4181 1434 4246 uicennalia
1457 4180 1643 4244 celebrabat

312 4285 559 4368 Constantinus,
581 4287 711 4351 ueniam
735 4287 990 4371 datam'poetae.
1034 4288 1148 4372 Itaque
1171 4287 1273 4352 falsus
1297 4291 1356 4371 est,
1378 4291 1415 4351 ut
1438 4309 1543 4370 saepe,
1565 4286 1642 4351 Hie·

313 4415 484 4476 ronymus,
508 4393 563 4476 qni
583 4413 655 4456 eum
673 4393 785 4458 XXIII
804 4393 932 4458 demum
951 4392 1158 4458 Constantini
1178 4416 1261 4458 anno
1280 4395 1320 4459 ab
1341 4393 1435 4458 exilio
1454 4397 1641 4458 reuocatum

314 4498 462 4582 tradidit,
495 4497 560 4562 nisi
587 4487 695 4581 potius
723 4521 820 4582 quam
848 4500 950 4584 ipsius
977 4499 1183 4564 librariorum
1211 4500 1244 4564 id
1271 4499 1393 4564 factum
1416 4499 1553 4582 insuia,
1586 4500 1642 4582 qui

315 4606 451 4688 possunt
474 4603 576 4668 uideri
599 4626 650 4688 ea,
683 4627 764 4689 quae
793 4606 832 4669 de
855 4605 1004 4690 Porfyrio
1028 4608 1119 4670 erant
1141 4606 1275 4690 tradita,
1296 4606 1465 4686 subtracta
1488 4627 1545 4670 suo
1569 4605 1642 4670 loco

316 4709 471 4775 adiecisse
495 4710 553 4789 eis,
586 4733 667 4795 quae
691 4711 729 4776 de
752 4711 906 4795 Iuvenco,
938 4713 1144 4778 celeberrimo
1168 4717 1266 4796 poeta
1289 4712 1482 4795 christiano,
1515 4712 1643 4795 aequali

316 4817 398 4901 eius,
421 4815 598 4881 tradiderat
620 4817 849 4902 Hieronymus.
1139 4830 1141 4834 ‘
1231 4809 1240 4815 ’
