3626 5676
528 1123 981 1271 oonnnummvs
1015 1187 1078 1271 ru
1108 1185 1455 1271 Ponsrmvn.

941 1365 1046 1373 -ι

412 1469 512 1536 Inser.
526 1453 675 1546 Publilia
699 1469 807 1533 notior
830 1468 892 1534 hoc
906 1469 944 1534 P.
959 1468 1213 1555 mimographus.
1230 1507 1269 1515 —
1291 1469 1448 1552 Porfyrii;
1472 1470 1520 1535 ita
1543 1471 1657 1555 scripsi

326 1577 387 1642 hoc
409 1598 528 1641 nomen
552 1575 678 1641 codices
702 1579 830 1640 secutus
854 1575 1005 1660 optimos.
1034 1575 1078 1640 sic
1098 1575 1184 1640 infra
1196 1575 1295 1659 Fryc.
1324 1580 1357 1642 et
1376 1598 1471 1660 saepe
1490 1578 1656 1642 deterioris
1782 1573 1783 1582 ’

192 1733 195 1738 .
327 1685 444 1749 aetatis
472 1683 699 1770 inscriptiones
728 1682 826 1747 simili
854 1686 931 1746 sunt
956 1683 1174 1748 inconstantia
1201 1683 1388 1786 scripturae.
1440 1686 1556 1748 notata
1584 1690 1658 1748 sunt

326 1791 360 1855 in
389 1813 467 1854 usus
496 1793 628 1854 nostros
657 1787 820 1854 aloanne
844 1787 1094 1872 Pomialofskio,
1126 1789 1251 1874 collega
1275 1789 1483 1873 suauissima,
1516 1792 1658 1875 exempla

325 1898 420 1963 haec:
457 1896 654 1980 Syrnferusae
676 1917 726 1979 ap.
749 1895 863 1974 Moms.
886 1897 983 1961 inser.
1005 1916 1094 1980 regn.
1116 1893 1218 1978 Neap.
1241 1918 1272 1960 n.
1297 1896 1397 1978 72233
1434 1896 1593 1979 naafyiacc
1615 1899 1655 1962 ib.

326 2026 357 2066 n.
372 2004 474 2088 27063
498 2003 661 2068 Bathillus
683 2023 769 2084 corp.
792 2003 887 2066 inser.
911 2000 982 2067 Lat.
1006 2001 1038 2066 II
1061 2025 1092 2066 ιι.
1111 2001 1212 2084 4372;
1235 2000 1397 2084 Summano
1420 2003 1441 2067 i.
1455 2025 1479 2066 r.
1494 2000 1535 2068 N.
1560 2005 1657 2087 71483

329 2133 366 2175 ex
391 2111 442 2176 his
460 2110 552 2207 ‚quod
575 2113 691 2195 quarto
714 2109 785 2174 loco
808 2109 919 2193 posui,
942 2109 1019 2173 anni
1043 2111 1093 2172 est
1120 2107 1186 2172 330
1208 2131 1239 2192 p.
1264 2105 1340 2174 Chr.
1367 2113 1400 2172 et
1427 2109 1501 2173 addi
1524 2115 1680 2192 possunt
1783 2129 1784 2138 ¹

327 2217 430 2301 plura.
475 2221 643 2302 praeterea
670 2217 683 2280 i
706 2218 739 2279 et
759 2235 791 2298 y,
815 2237 888 2279 cum
916 2215 1001 2280 idem
1024 2213 1091 2278 fere
1115 2217 1278 2299 sonarent,
1302 2215 1425 2280 ultimis
1449 2215 1576 2300 imperii
1596 2216 1657 2280 Ro-

329 2325 418 2388 mani
432 2324 631 2409 temporibus
647 2343 742 2407 saepe
757 2344 827 2386 esse
842 2322 993 2386 confusas
1012 2325 1045 2386 et
1057 2321 1239 2405 promiscue
1254 2326 1426 2405 usurpatas
1442 2322 1523 2386 satis
1538 2324 1657 2387 notum.

418 2431 511 2516 epist.
534 2429 620 2496 Porf.
644 2429 665 2493 2
688 2427 856 2493 artioribus
878 2429 1048 2494 Musarum
1071 2429 1279 2510 iniiyaueram
1301 2430 1449 2507 uinculis,
1471 2431 1509 2492 ut
1532 2429 1617 2493 infra
1639 2429 1657 2491 9

327 2539 466 2604 uersibus
486 2539 618 2620 inligare
623 2556 634 2613 ,·
649 2535 741 2618 epist.
752 2533 894 2600 Oonst.3
913 2535 1062 2616 inliyauit
1077 2535 1157 2599 alter
1174 2533 1333 2600 cothnrnis
1349 2535 1477 2615 affectus
1494 2534 1659 2600 danninum.
1784 2625 1785 2630 γ

417 2645 436 2710 8
467 2645 506 2708 ab
528 2644 605 2726 ipsis
628 2642 728 2706 Aonii
748 2642 873 2706 uerticis
895 2643 997 2724 adytis
1019 2642 1161 2706 deducere
1183 2642 1315 2706 audeam
1337 2643 1467 2720 diruam
1501 2642 1541 2707 cf.
1564 2641 1659 2728 Verg.
1784 2641 1785 2694 t

329 2771 439 2837 georg.
461 2749 525 2833 III,
551 2749 601 2834 10,
626 2749 677 2812 11.

418 2857 511 2941 epist.
536 2852 648 2919 (toust.
671 2855 691 2918 3
715 2855 876 2920 cornoediis
897 2860 926 2919 et
942 2875 1040 2937 prope
1062 2855 1226 2919 cotidianis
1248 2877 1284 2920 ac
1306 2857 1475 2922 moralibus
1496 2856 1597 2920 uerbis
1619 2857 1661 2920 to

328 2970 415 3030 cutus
437 2969 481 3029 est
502 2963 595 3038 altem
624 2946 787 3026 cotidianis
808 2962 925 3039 rrerbim
948 2949 1115 3045 nimirum,
1137 2967 1272 3044 atquae
1295 2964 1463 3046 nqunntnr
1482 2968 1606 3045 sumpta
1626 2964 1661 3026 de

328 3073 396 3136 uita
404 3076 510 3154 putea·
533 3067 711 3151 moratum,
730 3067 806 3152 quia
825 3069 939 3133 comici
958 3067 1091 3152 perinde
1110 3090 1148 3132 ac
1167 3069 1289 3134 satirici
1309 3070 1349 3134 ad
1368 3092 1473 3136 mores
1493 3070 1659 3134 hominum

330 3176 536 3262 corrigendos
559 3175 698 3240 maxime
724 3174 871 3239 conferre
897 3175 1167 3240 existimabantur
1195 3179 1228 3240 et
1257 3176 1298 3241 ob
1321 3176 1355 3242 id
1377 3178 1412 3241 in
1435 3176 1555 3242 scholis
1579 3176 1660 3260 lege·

330 3283 456 3348 bantur.

315 3385 333 3396 “’
418 3391 462 3455 ib.
491 3389 743 3472 semiloquacibus
772 3388 909 3467 chordis,⁸
942 3390 1017 3475 quia
1047 3412 1159 3456 uersus
1190 3391 1374 3456 canentium
1401 3390 1542 3476 propriis
1573 3390 1660 3455 sonis

330 3497 548 3580 aemulantum
573 3495 612 3561 of.
635 3494 714 3561 Hor.
738 3517 763 3560 c.
786 3495 843 3580 IV,
866 3497 897 3581 9,
919 3499 949 3561 4.
972 3497 1161 3579 semrioqnun
1183 3500 1318 3563 uerbum
1342 3521 1362 3563 a
1384 3497 1495 3563 lexicis
1523 3498 1662 3562 alienum

331 3608 364 3669 et
386 3603 544 3669 sermonis
567 3602 676 3668 Latini
698 3604 878 3692 pergentis,
910 3607 948 3667 ut
970 3585 1163 3685 doctiloquax
1191 3627 1240 3688 ap.
1264 3603 1478 3670 Dracontium
1500 3603 1601 3694 praei.
1623 3603 1662 3667 ad

332 3711 494 3776 Theodos.
525 3729 579 3795 pg.
606 3711 650 3775 48
678 3710 726 3774 ed.
755 3708 863 3795 sirm„
894 3713 1078 3775 nentisanan
1105 3734 1155 3795 ap.
1185 3716 1351 3777 auctorem
1379 3711 1545 3796 carminis,
1579 3711 1662 3796 quod

332 3818 452 3903 legitur
475 3841 525 3902 ap.
548 3816 695 3881 Riesium
718 3816 754 3880 in
777 3817 898 3883 anthol.
922 3817 994 3920 Lat.
1017 3841 1048 3881 n.
1072 3818 1146 3902 862,
1170 3819 1321 3900 luciferam
1344 3841 1394 3902 ap.
1413 3817 1621 3884 Venantium.

422 3926 442 3990 5
465 3947 559 4007 qnam
580 3928 610 3990 si
631 3962 675 3971 —
698 3927 923 4007 temnendaerit;
947 3924 988 3988 cf.
1010 3924 1109 4009 Verg.
1132 3945 1242 4010 georg.
1265 3924 1295 4010 Ι,
1321 3925 1504 3990 108-110.

423 4033 443 4096 6
466 4033 584 4097 sanato
607 4053 672 4096 meo
694 4033 855 4097 enitentes
871 4033 1056 4113 dicentesque
1073 4052 1137 4095 non
1155 4033 1246 4095 aliter
1264 4031 1412 4115 benignus
1430 4032 1556 4096 auditus
1572 4051 1664 4112 qnam

334 4140 412 4204 tenr's
434 4161 515 4203 aura
531 4140 745 4222 premunitum
769 4139 849 4204 haec
872 4138 973 4203 uerba
995 4139 1029 4201 in
1052 4137 1242 4202 memoriam
1266 4142 1429 4222 reuocant,
1452 4159 1535 4223 quae
1555 4131 1664 4202 Sueto·

334 4247 410 4312 nius
436 4246 537 4310 tradit
564 4247 602 4310 de
626 4246 774 4332 Augusto
802 4267 827 4310 c.
851 4236 907 4311 89:
939 4246 1064 4328 ingenia
1086 4246 1200 4310 sacculi
1222 4246 1273 4310 sui
1295 4246 1435 4311 ominibus
1457 4245 1557 4310 modis
1577 4244 1666 4326 fauit.

334 4355 495 4419 recitantes
517 4359 546 4418 et
567 4353 692 4436 benigne
713 4360 742 4418 et
757 4355 913 4438 patienter
935 4355 1045 4418 audiit.
1712 4337 1714 4341 ⁸

425 4463 444 4527 8
468 4460 522 4526 icoc
541 4482 649 4544 genere
671 4463 814 4540 dicturis;
839 4462 878 4526 cf.
901 4462 956 4526 lib.
980 4461 1019 4525 de
1043 4459 1100 4524 Ph.
1124 4464 1157 4524 et
1179 4459 1241 4526 Au.
1263 4460 1328 4526 fab.
1352 4482 1405 4546 pg.
1429 4461 1482 4544 26,
1507 4461 1534 4524 7.
1558 4468 1599 4506 -'
1624 4458 1667 4523 ib.

335 4591 425 4648 acra;
448 4569 482 4633 in
506 4590 554 4653 ep.
568 4567 654 4632 Porf.
677 4569 834 4634 Heliconii
856 4570 987 4648 uerticis,
1006 4568 1145 4633 Parnasi
1170 4569 1253 4651 iupa.
1280 4588 1371 4645 acra;
1395 4567 1429 4631 in
1452 4567 1564 4651 glosis,
1587 4587 1668 4650 quae

334 4680 409 4762 post
432 4676 578 4742 carmina
600 4675 741 4760 Porfyrii
765 4677 948 4741 adiciuntur
980 4675 1014 4739 in
1045 4675 1153 4740 codice
1176 4673 1343 4758 Beruensi,
1367 4674 1464 4738 etiam
1487 4673 1568 4738 haec
1591 4673 1669 4759 legi-

334 4789 401 4850 tur:
424 4805 519 4850 anon
541 4784 720 4862 summitas;
744 4784 791 4848 ita
815 4783 971 4868 Apuleius
995 4783 1033 4847 de
1056 4781 1175 4849 mundo
1200 4782 1281 4848 dixit
1305 4781 1429 4866 Olympi
1450 4801 1534 4846 acra.
