3626 5676
299 405 401 450 XXIIII
546 412 551 422 ⁴
860 401 1073 451 PROOEIIIVM.

394 563 547 629 Ordinem
567 563 744 628 carminum
763 564 886 648 placuit
903 564 1031 628 instItui
1050 565 1158 648 talem,
1178 566 1315 644 seruato,
1334 567 1489 648 quantum
1503 568 1641 650 poterat

301 673 383 758 fieri,
406 672 611 737 membranae
636 673 782 754 exemplo
806 671 948 755 optimae
972 671 1145 755 epistulam
1168 673 1339 756 utramque
1362 675 1400 736 ut
1422 676 1641 757 sequerentur
1775 699 1776 720 ¹

301 801 382 864 quae
406 778 446 842 ad
469 779 703 864 panegyricum
725 777 940 863 pertinerent,
972 778 1086 842 deinde
1108 777 1245 862 reliqua,
1274 777 1321 842 ita
1344 779 1472 864 quidem
1495 784 1532 845 ut
1555 801 1638 864 opu·
1725 827 1728 832 -
1775 783 1776 844 l

302 886 390 950 scula
418 885 558 970 figurata
584 887 780 968 ponerentur
807 885 878 969 loco
906 884 1034 971 ultimo,
1069 905 1264 970 quamquam
1288 885 1368 950 satta
1392 888 1441 950 est
1462 886 1639 969 probabile

301 994 334 1056 in
361 993 423 1056 fine
451 991 552 1056 totius
582 991 725 1076 sylloges
754 992 832 1055 olim
858 991 958 1056 fuisse
986 992 1130 1075 positum
1160 989 1375 1055 tetrastichon
1404 991 1484 1056 illud
1516 991 1637 1057 ‘ardua

301 1098 514 1184 conponunt’.
563 1097 602 1162 In
628 1098 692 1162 fine
721 1098 912 1163 exhibentur
940 1120 991 1183 ea,
1024 1119 1105 1182 quae
1134 1097 1207 1162 aliis
1235 1119 1275 1162 ex
1302 1096 1447 1164 fontibus
1476 1102 1552 1164 sunt
1579 1099 1638 1164 de-

300 1209 462 1290 prompta.

389 1311 537 1396 Denique
565 1334 605 1376 ne
634 1315 691 1377 aut
714 1312 862 1395 artificia,
887 1311 1003 1397 quibus
1030 1314 1159 1378 tantum
1185 1311 1351 1376 insudauit
1372 1303 1555 1398 Porfyrius,
1582 1314 1636 1378 de-

302 1421 459 1504 perirent,
483 1423 539 1484 aut
561 1420 736 1484 difficultas
759 1423 906 1484 maneret
926 1419 1069 1504 legendi,
1093 1441 1174 1505 quae
1197 1419 1372 1503 plurimum
1395 1419 1487 1502 offuit
1509 1423 1638 1505 poetae,

302 1528 455 1612 pleraque
479 1527 624 1592 carmina
647 1527 697 1590 bis
721 1529 797 1590 sunt
819 1526 907 1610 typis
931 1515 1096 1610 expressa,
1120 1525 1259 1610 primum
1283 1525 1380 1591 solita
1402 1530 1435 1590 et
1456 1527 1555 1612 uulgo
1579 1527 1638 1592 ad-

301 1634 407 1699 hibita
430 1634 545 1718 specie,
569 1633 683 1699 deiude
706 1656 745 1698 ea
762 1632 877 1718 forma,
900 1655 996 1718 quam
1015 1633 1106 1697 uides
1125 1633 1211 1717 apud
1225 1632 1396 1698 Velserum
1415 1655 1452 1698 ac
1465 1631 1644 1719 Mignium:

391 1741 560 1826 Epistulas
580 1746 691 1806 tamen
704 1739 845 1826 Porfyrii
863 1743 895 1804 et
910 1737 1117 1804 Constantini
1137 1739 1206 1803 sine
1224 1739 1338 1824 figuris
1358 1761 1437 1825 quas
1456 1743 1638 1806 memoraui

303 1849 537 1934 repraesentari
565 1849 700 1933 placuit,
733 1871 805 1913 cum
836 1870 889 1912 eas
918 1845 1123 1911 librariorum
1147 1847 1255 1930 potius
1279 1868 1376 1931 quam
1400 1852 1566 1920 auctorum
1589 1849 1639 1912 in·

305 1955 429 2020 dustria
450 1955 640 2040 prouenisse
665 1955 853 2020 existimem.
