3684 5670
853 658 910 722 xl.
934 657 1050 739 [vm]

447 798 560 864 Fortia
583 800 670 864 facta
693 801 781 865 ducis
804 803 875 865 toto
899 800 1101 865 dominantia
1123 801 1188 866 iam
1212 823 1297 866 nuno
1365 889 1367 894 Ι

446 905 532 972 Orbe
556 929 684 991 canam,
708 907 779 992 quis
802 907 889 971 laeta
912 927 970 972 suo
995 908 1054 972 sub
1077 908 1223 992 principe
1247 913 1340 974 tanto

444 1013 587 1080 Rursum
609 1013 715 1081 Roma
737 1017 840 1098 tenet,
863 1014 974 1080 mundi
998 1019 1109 1100 eaput,
1132 1015 1245 1080 inolita
1268 1017 1404 1083 eulmen.

445 1119 494 1184 Tu
519 1125 641 1206 uatem,
663 1123 714 1205 tu,
737 1120 826 1204 diua,
849 1122 958 1187 mone!
981 1123 1124 1188 lacerata
1146 1123 1287 1188 cruentis

444 1225 598 1312 imperiis
617 1250 694 1312 pers
717 1228 817 1314 fessa,
840 1229 907 1312 poli
931 1229 1052 1313 diuisa,
1072 1228 1223 1314 gemebat

446 1331 581 1418 Sceptra
604 1339 637 1398 et
659 1332 822 1400 Ausoniae
846 1335 1013 1400 maerebat
1035 1333 1161 1419 perdita
1183 1336 1264 1400 iura

446 1437 544 1524 Sidus
567 1441 661 1526 fides,
683 1443 785 1507 tantis
808 1442 993 1506 Romanum
1016 1441 1129 1507 Gloria
1151 1464 1269 1508 nomen

444 1545 585 1633 Insignit
607 1549 728 1634 titulis,
751 1549 899 1614 dominos
922 1553 959 1613 ut
981 1549 1085 1614 libera
1108 1552 1273 1633 quaerant.

444 1651 632 1740 Moeniaque
656 1655 725 1718 iure
749 1677 807 1720 suo
830 1655 972 1740 trepidat
994 1656 1093 1742 plaga
1116 1657 1259 1720 maxima
1281 1657 1401 1742 mundi,

444 1759 538 1824 Vnde
562 1761 656 1826 iubar
678 1763 761 1826 lueis
783 1763 925 1847 primum
948 1761 1076 1827 radians
1100 1761 1265 1846 Hyperion

448 1864 612 1932 Sideribus
635 1869 739 1952 pulsis
762 1871 861 1934 rutilo
885 1868 1040 1934 diffundit
1062 1869 1103 1934 ab
1128 1873 1211 1934 ortu.

444 1972 522 2038 Inde
546 1978 638 2040 tuum
660 1997 780 2041 nomen
802 1976 940 2040 multum
964 1976 1173 2040 memorabile
1196 1977 1329 2060 cunetis,

445 2080 587 2146 Maxime
610 2083 791 2147 bellantum
815 2082 963 2166 domitor,
986 2082 1042 2147 lux
1064 2081 1161 2146 unica
1182 2080 1304 2166 mundi,

442 2187 614 2274 Perpetuis
637 2190 724 2254 uotis
748 2191 895 2275 cupiunt,
918 2189 1103 2255 uenerabile
1125 2211 1244 2254 numen

441 2285 765 2381 Exoptantfseruire
788 2297 905 2371 uolunt
927 2296 1089 2383 (mirabile
1113 2295 1228 2383 diotul)

444 2400 588 2486 Remque
611 2404 773 2488 laremque
798 2427 891 2468 suum
915 2401 1024 2489 (tanta
1047 2403 1181 2468 esttibi
1204 2404 1309 2488 gloria
1332 2403 1433 2492 iusti).

443 2509 593 2594 Augusto
618 2510 710 2575 iuuat
732 2531 804 2574 eooe
828 2513 884 2574 tuo
909 2509 969 2574 sub
992 2510 1120 2575 foedere
1144 2509 1209 2574 iam
1233 2533 1319 2576 nune

442 2614 561 2680 Totum
585 2617 695 2682 orbem
718 2620 794 2701 post
816 2620 867 2682 tot
890 2617 1015 2702 caedes,
1039 2640 1117 2702 quas
1141 2617 1227 2682 fessa
1249 2603 1424 2703 gemebant

444 2721 574 2808 Omnia,
598 2747 683 2789 nune
706 2725 797 2789 nullo
820 2725 951 2788 tandem
974 2725 1170 2809 trepidantia
1193 2713 1294 2809 motu,'

442 2829 608 2895 Romuleis
632 2831 753 2896 seruire
776 2831 853 2916 piis,
876 2835 970 2916 p‘eter
992 2831 1125 2916 inelyte,
1148 2831 1255 2898 iussis.

812 3047 1079 3056 Ἥ.-

843 3187 915 3256 xn.
945 3185 1045 3271 [vn]

495 3325 708 3396 Constantine
730 3335 831 3417 pater,
853 3335 904 3417 tn,
926 3330 1038 3398 mundi
1061 3331 1179 3418 gloria,
1202 3331 1322 3417 consul,

481 3437 579 3502 ‘Eone
601 3442 659 3505 tuo
682 3444 838 3504 renouata
862 3439 953 3504 dabis
976 3442 1029 3504 tot
1051 3442 1165 3524 aperta
1186 3439 1298 3506 labore

410 3551 415 3559 ¹
493 3542 609 3630 Regna
629 3569 688 3631 per
710 3547 893 3612 innumeras
917 3549 1039 3632 gentes.
1085 3568 1161 3611 mox
1184 3567 1277 3611 oarus
1300 3545 1381 3611 Eois

493 3649 559 3716 'I'ot
581 3654 711 3738 populis
734 3654 789 3737 pia
812 3655 883 3720 iura
905 3654 1003 3739 feres,
1028 3657 1061 3718 et
1084 3655 1173 3718 solus
1195 3654 1230 3719 in
1253 3654 1342 3719 omni

431 3806 433 3812 r
492 3757 661 3844 Augustus
684 3761 803 3826 mundo
828 3783 962 3848 sparges
986 3765 1020 3827 et
1042 3761 1076 3826 in
1098 3761 1214 3826 ultima
1236 3782 1363 3834 nomen.

494 3862 550 3930 Sol
573 3866 635 3930 tibi
656 3865 765 3934 felices
789 3867 886 3933 faciet
909 3891 983 3952 spes
1005 3870 1138 3954 perpete
1161 3870 1221 3932 nut
1244 3917 1251 3932 .

490 3970 555 4036 Ars
578 3974 665 4038 bona
687 3973 832 4039 iustitiae
856 3977 889 4039 et
911 3974 1021 4040 diuum
1043 3975 1152 4040 uicina
1175 3972 1283 4039 decori
1355 3987 1368 4010 ·

490 4077 588 4165 Largi
613 4079 698 4145 dona
720 4081 798 4146 boni
821 4081 910 4146 eaelo
935 4081 1031 4166 capit.
1076 4081 1183 4146 influit
1205 4081 1291 4165 illue,

489 4185 577 4251 Vota
600 4187 685 4272 quod
708 4188 853 4273 optarint
874 4189 1016 4272 pietatis.
1061 4209 1143 4253 cana
1166 4187 1288 4252 subiuit

387 4289 390 4294 “
491 4290 609 4359 Sancta
632 4291 742 4380 Ceres3
765 4295 862 4360 tellus
885 4294 992 4360 reddit
1013 4293 1157 4362 Baoheia
1179 4295 1273 4379 lapsa

489 4399 581 4466 Riuis
605 4401 691 4466 dona
714 4401 793 4487 suis3
816 4424 882 4467 non
904 4401 985 4467 Euri
1008 4425 1025 4467 e
1047 4401 1177 4467 fiamine
1200 4402 1335 4468 turbant

489 4507 649 4574 Enormes
672 4509 820 4594 pelagus3
845 4510 911 4573 stat
932 4507 1022 4574 mitis
1045 4509 1190 4594 principe
1213 4513 1293 4576 noto

488 4615 553 4680 Res
577 4637 634 4698 per
657 4615 744 4680 iusta
766 4617 880 4702 uigens
905 4615 984 4702 oris,
1007 4638 1072 4701 qua
1096 4616 1190 4702 signa
1212 4616 1339 4683 Booten

488 4719 615 4787 Vltima
638 4722 787 4788 consocia
809 4723 930 4789 tollunt
952 4724 985 4789 in
1009 4723 1114 4790 sidera
1137 4724 1258 4791 dextra.

487 4828 642 4918 Maxime,
664 4830 807 4896 iustitiae
830 4830 951 4918 lumen,
975 4831 1145 4898 eoncordia
1169 4831 1209 4910 ad
1233 4853 1344 4900 omen·
