3586 5678
549 577 732 664 Corporens
756 578 863 666 uultu,
885 579 963 644 dens
986 581 1074 644 actu:
1097 601 1191 646 casus
1213 582 1395 665 utrumqne.

548 685 697 752 inuitans
720 685 811 752 iussa
832 685 988 772 exemplis
1010 685 1198 772 hominique
1221 686 1346 752 dicatus

548 791 703 878 Aequalis
726 793 890 876 dominus,
913 793 989 878 quia
1011 791 1053 857 lis
1076 813 1215 858 onerosa
1237 793 1357 860 caduco

548 897 647 964 Dicta
669 900 713 964 sit
734 899 889 982 humano,
913 921 1040 983 sperem
1062 901 1100 964 ut
1122 898 1233 965 diuina
1255 900 1395 986 imitatu,

546 1003 621 1091 Ipse
643 1005 786 1072 hominis
808 1005 906 1072 titulo
928 1005 1064 1091 incedis,
1085 1009 1181 1092 teque
1203 1006 1357 1092 profanis,
1624 1027 1656 1074 co

551 1097 857 1197 Maxime,'lndaeis
880 1112 1086 1198 plectendum
1108 1117 1184 1198 post
1205 1113 1261 1198 pia
1283 1114 1374 1180 mille

547 1219 661 1284 Mania
682 1219 860 1306 permittis,
882 1220 1047 1306 letumque
1070 1220 1199 1286 salubre
1222 1220 1321 1286 luisti

546 1325 625 1392 Mox
646 1329 742 1391 necat
763 1325 924 1390 humanas
945 1325 981 1391 in
1003 1347 1038 1390 se
1061 1348 1136 1392 caro
1159 1325 1300 1412 pendula
1321 1349 1434 1392 noxas.
1505 1373 1513 1384 .

547 1432 594 1498 At
615 1435 711 1516 pater
733 1433 767 1498 in
790 1431 882 1498 sedes
904 1437 1018 1498 natum
1041 1433 1220 1518 recipitque
1242 1433 1394 1518 uehitqne

547 1539 734 1606 Aeternum
762 1539 863 1606 saluis
887 1539 1017 1626 signum
1039 1537 1097 1604 dat
1118 1538 1270 1605 machina
1293 1562 1394 1606 sacra
1623 1561 1655 1606 35

862 1859 964 1926 ssu.
992 1858 1136 1948 [xxvi]

497 2041 522 2105 Ι.
568 2041 694 2106 Asuvi
718 2059 928 2107 corrosvrr
951 2057 1095 2108 recrees
1119 2057 1274 2107 csunms
1296 2022 1420 2108 Mvssa

380 2179 386 2198 ·
479 2147 522 2212 ΙΙ.
566 2147 722 2214 Dnsors
744 2165 953 2215 conserver
976 2165 1136 2214 nrvnssrs
1160 2164 1313 2214 vrscvns
1335 2164 1461 2213 nucero

465 2255 524 2320 III.
569 2253 729 2322 Sceveni
752 2271 960 2322 rmonsrns
983 2271 1215 2333 roaovnsrns
1238 2271 1390 2319 rucrmu
1414 2271 1523 2320 varus

447 2361 524 2428 IIII.
568 2361 733 2442 Vsnrovn
758 2379 926 2430 cosuvsrs
949 2379 1181 2430 cousrsnvur
1204 2377 1354 2428 surovns
1376 2378 1501 2426 vunan

421 2541 467 2606 Hi
496 2543 652 2627 quattuor
680 2563 794 2607 uersus
824 2563 937 2607 omnes
966 2541 1039 2626 pari
1068 2539 1194 2605 ratione
1224 2539 1399 2623 conscripti
1430 2541 1505 2603 sunt
1535 2540 1594 2624 ita,
1621 2545 1655 2604 ut
1748 2607 1749 2610 ,

332 2653 482 2714 manente
508 2648 626 2713 ultima
653 2652 747 2734 purte
775 2648 934 2714 orationis
961 2651 1085 2713 ceteras
1112 2649 1223 2732 partes
1251 2667 1363 2711 omues
1392 2645 1563 2727 [omnium]
1591 2668 1655 2710 uer-

333 2777 426 2818 suum
449 2754 616 2820 ordinibus
641 2755 798 2838 [ordines]
821 2758 950 2821 tantum
973 2754 1114 2821 inuicem
1136 2752 1270 2818 mutatis
1293 2752 1346 2818 uel
1370 2752 1501 2834 [mutati
1524 2754 1594 2834 sua]
1618 2753 1654 2818 ad

331 2861 487 2926 directum
514 2862 567 2928 uel
595 2861 637 2928 ad
663 2863 864 2947 reciprocum
887 2862 1019 2927 modum
1040 2860 1168 2926 uariare
1190 2863 1312 2945 possis,
1343 2860 1391 2924 ita
1414 2860 1594 2942 dumtaxat,
1621 2863 1655 2923 ut

332 2969 457 3052 primae
480 2972 590 3054 partes
613 2991 686 3034 cnm
704 2970 819 3054 primis
838 2971 892 3036 uel
910 2969 1035 3054 quartis
1054 2989 1207 3032 uersuum
1227 2966 1400 3049 [uersibus]
1420 2966 1507 3032 uices
1525 2969 1654 3050 mutent,

332 3075 490 3140 secundae
513 3097 585 3141 cum
608 3075 758 3140 secundis
781 3075 834 3141 uel
857 3077 972 3159 tertiis,
994 3077 1028 3140 et
1048 3067 1170 3159 possis',
1193 3074 1222 3139 si
1244 3073 1339 3156 uelis,
1360 3072 1451 3138 nulla
1472 3075 1565 3156 parte
1588 3094 1654 3136 ora·

331 3181 430 3246 tionis
459 3179 568 3245 addita
595 3204 635 3248 ex
661 3181 713 3248 his
736 3187 890 3268 quattuor
912 3181 1061 3247 uersibus
1084 3180 1194 3245 mixtis
1218 3178 1339 3244 LXXII
1363 3180 1544 3266 [octoginta
1566 3181 1651 3264 quat-

331 3289 418 3368 tuor]
442 3285 547 3352 facere
570 3287 629 3374 ita,
652 3291 689 3352 ut
710 3288 820 3354 nullus
844 3289 894 3354 sui
918 3288 1035 3353 similis
1058 3287 1111 3352 sit,

570 3465 682 3532 Ardua
704 3469 891 3552 conponunt
913 3465 1023 3532 felices
1047 3467 1192 3531 carmina
1214 3464 1337 3548 Musae,
1410 3533 1411 3536 ,

569 3572 711 3638 Dissona
734 3577 907 3640 conectunt
929 3573 1068 3638 diuersis
1089 3573 1220 3638 uincula
1242 3572 1353 3638 metris

454 3673 458 3682 ’
571 3679 713 3764 Scrupea
735 3685 931 3766 pangentes,
953 3682 1142 3764 torquentes
1165 3679 1292 3763 pectine
1315 3682 1416 3744 uates.

569 3786 719 3874 Vndique
743 3787 885 3854 contusis
908 3787 1106 3853 constabunt
1128 3787 1257 3872 singula
1279 3786 1397 3852 uerbis.
1639 3801 1654 3848 4

570 3948 723 4015 Carmina
745 3949 854 4014 felices
878 3951 1066 4033 conponunt
1088 3947 1189 4012 ardua
1212 3947 1334 4030 Musae,

569 4055 709 4120 Vincula
731 4055 867 4121 diuersis
891 4058 1064 4121 conectunt
1086 4055 1219 4120 dissona
1241 4054 1353 4119 metris

569 4162 700 4228 Pectine
723 4165 911 4247 torquentes
934 4166 1115 4248 pangentes
1139 4184 1275 4246 scrupea
1298 4166 1397 4226 uates.

570 4267 705 4353 Singula
728 4269 927 4334 constabunt
949 4269 1092 4335 confusis
1115 4269 1255 4353 undique
1278 4268 1395 4332 uerbis.
1639 4282 1653 4330 8

569 4425 681 4490 Ardua
704 4425 928 4515 (constabunt)
951 4432 1139 4513 torquentes
1162 4429 1308 4493 carmina
1328 4427 1450 4512 Musae,

568 4529 712 4596 Dissone
735 4537 935 4619 conponunt,
958 4537 1130 4600 conectunt
1152 4535 1283 4600 uincula
1305 4533 1417 4600 metris

571 4635 713 4722 Scrupea
735 4639 891 4725 confusis,
915 4641 1049 4706 diuersis
1072 4642 1201 4726 pectine
1224 4646 1316 4708 uetes

569 4743 719 4835 Vndique
742 4746 852 4810 felices
876 4751 1054 4837 pangentes
1078 4749 1207 4843 singula
1228 4749 1347 4820 uerbis.
1625 4765 1654 4818 12
