3626 5676
516 973 519 980 1
561 883 730 948 lNVIC'l'VS
754 881 1029 950 Oousreurmvs
1053 882 1218 952 Maxlnvs
1242 883 1439 950 AVGVSTVS.

425 1022 459 1090 Si
482 1029 610 1090 tantum
633 1025 759 1110 pondus
782 1029 814 1090 et
837 1028 983 1112 grauitas
1007 1029 1229 1112 spectarentur
1251 1025 1286 1090 in
1309 1027 1463 1112 carmine,
1486 1031 1519 1092 et
1543 1025 1662 1092 Graeca

335 1137 411 1218 post
434 1131 551 1200 Chium
573 1133 799 1198 Maeoniumue
827 1137 937 1198 uatem
966 1136 999 1199 et
1027 1132 1144 1198 Latina
1170 1136 1247 1217 post
1273 1135 1430 1199 rusticum
1452 1135 1661 1200 Mantuanum

335 1241 519 1326 eloquentia
542 1240 698 1324 siluisset,
720 1262 779 1305 nec
801 1241 924 1306 frustra
947 1229 1124 1325 culpabiles
1146 1241 1255 1306 forent
1277 1242 1333 1326 qui
1352 1241 1415 1306 sibi
1432 1243 1586 1307 materias
1605 1263 1660 1325 pro

334 1349 537 1435 ingeniorum
573 1347 731 1434 qualitate
768 1351 932 1414 sumentes
973 1347 1062 1414 inani
1099 1369 1198 1432 opera
1233 1348 1418 1433 sudassent,
1458 1370 1531 1413 cum
1568 1369 1661 1432 penes

301 1467 316 1514 a
336 1455 458 1538 primos
481 1455 651 1520 facundiae
674 1453 858 1521 conditores
877 1455 983 1542 gloria
1001 1457 1072 1519 tota
1090 1454 1253 1538 resideret,
1275 1453 1378 1520 frater
1397 1456 1571 1520 carissime.
1603 1454 1661 1520 Sed

337 1561 488 1646 quoniam
512 1583 639 1646 semper
661 1561 695 1624 in
718 1563 890 1646 propatulo
914 1584 990 1627 usus
1013 1561 1108 1626 istius
1135 1561 1199 1626 fuit
1221 1583 1280 1626 nec
1302 1562 1361 1626 ulli
1382 1565 1536 1648 negatum
1561 1560 1661 1626 estid

337 1689 376 1732 ex
398 1689 437 1732 ea
459 1666 636 1753 uindicare,
668 1667 755 1752 quod
781 1669 888 1752 possit
915 1668 989 1734 illos
1018 1669 1117 1734 etiam
1145 1690 1226 1754 quos
1253 1667 1417 1751 posterius
1446 1689 1562 1732 aeuum
1588 1666 1661 1730 tulit

337 1773 511 1860 delectere,
538 1797 603 1840 non
625 1775 755 1859 penitus
779 1796 799 1839 a
822 1773 931 1839 fructu
953 1773 1220 1840 fauoris'exclusi
1244 1777 1335 1858 sunt,
1368 1774 1424 1858 qui
1446 1774 1568 1839 relictis
1591 1793 1659 1858 gra-

229 1921 230 1928 1
301 1881 483 1946 auioribus
512 1881 601 1946 sonis
629 1881 743 1947 modos
772 1882 812 1946 ad
840 1881 964 1947 leuiora
990 1879 1158 1946 flexerunt.
1207 1877 1365 1966 lnligauit
1392 1881 1473 1946 alter
1501 1879 1661 1946 cothurnis

337 1987 472 2053 affectus
495 1987 676 2073 hominum,
704 1986 878 2053 comoediis
907 1991 940 2052 et
962 2010 1063 2074 prope
1086 1986 1258 2054 cotidianis
1289 2009 1327 2052 ac
1358 1987 1534 2052 moralibus
1558 1987 1660 2050 uerbis

335 2093 462 2159 locutus
482 2098 531 2160 est
549 2095 635 2173 alter,
659 2095 852 2180 quibusdam
876 2095 1038 2180 inaequali
1060 2096 1140 2181 pede
1165 2096 1271 2182 elegia
1294 2098 1467 2178 cantatast,
1490 2095 1659 2158 multorum

300 2200 455 2286 edigitos
479 2201 748 2286 semiloquacibus
768 2202 897 2268 chordis
921 2225 1011 2268 amor
1029 2204 1120 2288 lyrae
1142 2203 1298 2270 iucundus
1321 2204 1465 2268 inseruit.
1501 2203 1565 2267 Pro
1588 2225 1660 2286 qua-

335 2309 428 2374 litate
450 2307 680 2374 modulaminis
705 2307 745 2373 ad
770 2309 916 2395 singulos
941 2333 1086 2396 quosque
1110 2311 1272 2396 expetitae
1295 2310 1399 2376 laudis
1423 2310 1530 2395 gratia
1551 2309 1660 2373 redun-

302 2414 438 2481 cdauit
489 2413 603 2480 Defuit
632 2415 833 2502 quorundam
862 2417 1003 2502 ingeniis
1035 2421 1217 2503 temporum
1250 2419 1357 2501 fauor,
1389 2417 1444 2501 qui
1475 2439 1542 2481 non
1575 2437 1659 2480 secus

338 2521 503 2590 doctrinae
527 2521 652 2588 deditas
675 2525 800 2588 mentes
819 2523 960 2610 inrigare
980 2528 1077 2610 atque
1097 2525 1181 2590 alere
1200 2524 1370 2590 consueuit
1388 2545 1484 2608 quam
1503 2523 1532 2586 si
1551 2523 1659 2587 cliuosi

336 2629 479 2694 tramitis
503 2630 673 2714 supercilio
692 2630 783 2696 ficus
802 2630 929 2694 elicitus
948 2631 1216 2696 scaturrientibus
1234 2631 1327 2696 uenis
1346 2653 1425 2696 arua
1443 2621 1568 2694 arentia
1585 2633 1658 2694 tem-

300 2735 506 2819 tperauerit.
562 2734 696 2802 Saeculo
729 2757 801 2800 meo
835 2737 1014 2802 scribentes
1046 2738 1252 2822 dicentesque
1283 2760 1349 2804 non
1381 2737 1476 2802 aliter
1507 2736 1659 2820 benignus

301 2841 464 2912 cauditus
493 2865 591 2929 quam
619 2843 701 2909 lenis
724 2866 804 2908 aura
826 2844 1040 2929 prosequitur.
1084 2843 1232 2929 Denique
1255 2844 1353 2910 etiam
1377 2843 1492 2909 studiis
1515 2843 1659 2908 meritum

229 3007 231 3010 Α
301 2966 431 3014 same
454 2950 677 3016 testimonium
700 2972 766 3016 non
788 2956 936 3037 negatur.
972 2951 1070 3016 Liber
1093 2951 1225 3015 adsidue
1249 2973 1361 3016 cursus
1385 2950 1567 3016 oratoribus
1590 2949 1659 3030 fuit3

336 3077 391 3121 eos
414 3078 505 3140 uero,
534 3058 590 3142 qui
612 3057 760 3122 uersibus
784 3057 941 3142 dicerent,
970 3058 1066 3123 certis
1093 3058 1212 3122 finibus
1235 3059 1288 3123 lex
1316 3057 1412 3124 metri
1441 3060 1564 3123 statuta
1592 3077 1659 3120 con-

335 3162 445 3227 tinuit:
478 3185 577 3248 quare
604 3185 672 3229 non
698 3165 850 3235 inmerito
878 3163 959 3228 illud
982 3185 1060 3228 usus
1083 3163 1216 3248 inuenit,
1244 3168 1282 3229 ut
1305 3164 1367 3230 hoc
1390 3186 1507 3250 genere
1531 3163 1658 3228 dicturis

335 3267 501 3334 Heliconis
525 3273 582 3334 aut
603 3269 739 3334 Parnasi
762 3293 839 3336 acra
860 3274 1058 3354 peterentur,
1086 3293 1159 3336 cum
1182 3271 1328 3335 mortalis
1352 3271 1475 3356 ingenii
1498 3270 1659 3335 deficiente

300 3394 316 3443 9
336 3376 522 3451 substantia
542 3369 727 3442 necessaria
749 3378 937 3442 uiderentur
960 3377 1082 3443 auxilia
1105 3377 1223 3442 diuina.
1262 3376 1399 3443 Gratum
1421 3377 1502 3442 mihi
1524 3381 1575 3442 est
1596 3379 1660 3440 stu-

335 3483 462 3548 diorum
488 3487 619 3548 tuorum
647 3483 836 3550 felicitatem
863 3485 899 3548 in
927 3485 1007 3550 illud
1035 3485 1151 3567 exisse,
1182 3487 1220 3549 ut
1247 3485 1282 3548 in
1309 3484 1490 3570 pangendis
1518 3483 1660 3548 uersibus

283 3609 317 3658 10
336 3589 413 3655 dum
436 3591 570 3676 antiqua
594 3594 739 3656 seruaret
762 3593 861 3656 ctiam
883 3613 971 3656 noua
998 3591 1070 3656 iura
1097 3591 1160 3656 sibi
1183 3590 1342 3656 conderet.
1388 3591 1452 3656 Vix
1474 3592 1537 3656 hoc
1560 3592 1660 3654 custo·

335 3696 439 3762 ditum
460 3697 607 3782 pluribus
631 3697 702 3780 fuit,
725 3701 762 3761 ut
784 3697 877 3762 nodis
900 3695 1094 3779 quibusdam
1118 3697 1197 3761 artis
1220 3697 1328 3762 innexi
1347 3697 1429 3762 citra
1446 3697 1660 3762 interuentum

282 3823 313 3870 11
334 3805 406 3869 uitii
429 3805 631 3889 inculpatum
654 3825 784 3870 carmen
806 3801 1014 3868 effimderent.
1060 3802 1135 3868 Tibi
1156 3804 1324 3869 nominum
1352 3802 1542 3868 difficultate
1564 3823 1659 3886 oppo-

335 3911 407 3997 sita,
424 3933 560 3978 numero
574 3913 766 3996 litterarum,
785 3910 1047 3976 distinctionibus
1066 3933 1219 3976 uersuum
1237 3909 1306 3998 (qui
1324 3911 1371 3974 ita
1389 3910 1530 3976 medium
1548 3931 1659 3992 corpus

334 4019 493 4102 propositi
520 4019 627 4103 operis
654 4018 863 4102 intermeant,
895 4021 932 4083 ut
959 4017 1126 4084 oculorum
1155 4041 1267 4084 sensus
1290 4007 1497 4083 interstincta
1520 4017 1659 4081 colorum

334 4124 502 4209 pigmenta
531 4122 705 4212 delectent)
734 4124 797 4191 hoc
826 4128 934 4189 tenere
963 4125 1169 4208 propositum
1198 4126 1337 4208 conticit,
1368 4128 1406 4188 ut
1433 4123 1659 4188 haesitantiam

237 4260 240 4266 ’
284 4247 315 4296 12
335 4231 469 4296 carmini
497 4232 665 4316 multiplex
690 4231 773 4316 legis
802 4231 1011 4296 obseruantia
1038 4253 1104 4296 non
1132 4235 1269 4317 pareret.
1313 4222 1451 4296 Gratum
1478 4229 1579 4314 igitur
1600 4229 1659 4292 hoc

284 4355 315 4404 13
336 4336 418 4402 mihi
441 4337 612 4403 dicationis
631 4341 706 4403 tuae
725 4360 842 4402 munus
861 4337 933 4402 fuit.
964 4337 1163 4403 Exercitatio
1182 4338 1301 4402 mentis
1321 4341 1354 4402 et
1372 4340 1506 4402 naturae
1524 4336 1659 4400 felicitas

283 4463 317 4513 14
335 4443 577 4529 conprobatast.
622 4443 671 4508 Tu
699 4465 772 4509 cum
795 4445 855 4508 tibi
878 4445 988 4510 uideas
1012 4445 1118 4528 operis
1145 4445 1195 4509 tui
1218 4445 1372 4530 gratiam,
1400 4465 1497 4529 quam
1521 4465 1561 4507 ex
1583 4441 1659 4506 meis

334 4551 496 4636 petiueras
515 4551 656 4634 auribus,
678 4573 746 4616 non
763 4552 896 4635 perisse,
919 4555 952 4615 et
969 4555 1129 4636 prouentu
1148 4553 1326 4636 praesentis
1344 4551 1500 4634 temporis
1519 4549 1659 4614 exultare

335 4655 466 4725 debebis
490 4660 523 4722 et
545 4679 612 4722 non
634 4657 810 4725 indebitam
833 4658 962 4723 laudem
985 4659 1105 4744 ingenii
1130 4659 1358 4724 exercitatione
1383 4661 1523 4743 captare.
