3626 5676
310 481 333 526 X
865 478 1081 527 Pnoonmlvu.

305 639 360 723 qui
387 637 514 703 uidetur
541 639 626 703 idem
653 639 752 703 fuisse
776 661 848 703 cum
872 661 910 704 eo
935 640 990 724 qui
1013 639 1249 724 praefecturam
1273 641 1361 706 urbis
1385 643 1487 728 gessit
1510 665 1537 706 a.
1562 601 1637 726 317,

306 745 381 830 318,
405 742 550 829 Septimii
573 745 635 809 fuit
656 767 776 810 nomen
800 745 930 829 gentile.

396 869 542 954 Denique
566 870 638 954 quis
661 870 759 934 fuerit
779 870 919 935 Graecus
942 871 996 935 ille
1015 871 1146 956 amicus,
1169 871 1298 936 nomine
1318 871 1457 957 Marcus,
1480 895 1575 958 quem
1594 875 1636 940 ob

201 1046 205 1054 ,
306 976 482 1042 diuortium
508 975 683 1060 Hymnidis
713 975 823 1040 uxoris
856 977 991 1042 solatur·
1009 977 1158 1042 uersibus
1189 999 1323 1061 quorum
1351 978 1475 1062 primus
1499 975 1554 1045 est
1571 981 1635 1046 ‘in-

308 1083 416 1168 gemui
439 1083 582 1168 grauiter
601 1081 759 1146 Graecum
782 1083 955 1147 miseratus
979 1083 1143 1168 amicum’,
1167 1084 1314 1170 equidem
1337 1085 1428 1149 iuxta
1450 1108 1522 1150 oum
1545 1087 1636 1172 igna-

306 1191 443 1255 rissimis
471 1190 600 1274 ignoro,
633 1210 692 1253 nec
721 1189 828 1254 minus
858 1188 899 1254 ad
929 1212 1024 1274 quem
1047 1189 1158 1254 datum
1182 1191 1226 1254 sit
1248 1212 1377 1255 carmen
1400 1191 1479 1257 illud
1503 1192 1636 1258 ‘mirum

307 1319 389 1382 opus
413 1299 462 1362 est
483 1296 611 1361 iunctos
635 1317 675 1360 en
697 1298 780 1361 tales
803 1298 895 1362 edere
918 1293 1052 1362 u‘ersus’.
1229 1294 1232 1298 ’

397 1419 656 1486 Christianorum
679 1425 807 1486 secutus
827 1422 871 1487 sit
889 1444 982 1488 sacra
1002 1445 1044 1486 an
1062 1442 1264 1506 paganorum
1283 1421 1452 1506 Porfyrius
1471 1446 1537 1490 non
1557 1426 1635 1490 satis

307 1531 448 1612 apparet.
493 1527 600 1592 Paene
628 1527 761 1592 dixerim
790 1529 915 1613 utrique
944 1527 1107 1592 addictum
1129 1526 1229 1592 fuisse
1251 1529 1414 1613 religioni,
1437 1529 1501 1593 nisi
1525 1531 1633 1596 adula-

307 1635 396 1699 tione
422 1635 533 1718 lapsus
560 1634 663 1718 illius,
691 1657 788 1720 quam
811 1635 935 1719 primus
963 1635 1048 1698 inter
1070 1634 1282 1719 imperatores
1306 1633 1540 1700 Constantinus
1561 1659 1635 1720 pro-

307 1741 424 1825 mouit,
452 1739 615 1804 affectauit
639 1741 788 1806 studium.
835 1740 985 1807 Ceterum
1009 1743 1037 1806 si
1059 1743 1198 1827 paganis
1222 1739 1381 1807 accenseri
1405 1763 1477 1805 eum
1501 1745 1637 1826 oportet,

306 1848 369 1913 fuit
395 1835 500 1934 qualis
528 1845 742 1931 Symmachus
770 1850 822 1913 uel
851 1848 1028 1933 Ausonius,
1061 1850 1089 1912 si
1117 1847 1317 1933 christianis,
1350 1849 1454 1932 qualis
1487 1846 1636 1914 Sidonius

306 1956 359 2020 uel
381 1955 524 2020 Boetius.
569 1953 663 2018 Vnde
690 1956 790 2020 miror
818 1955 897 2020 adeo
921 1979 941 2019 a
963 1955 1159 2020 carminibus
1182 1956 1249 2020 eius
1273 1955 1479 2020 abhorruisse
1505 1955 1637 2041 Bedam,

201 2087 203 2090 ’
306 2065 344 2125 ut
366 2083 404 2126 ea
427 2063 503 2146 quia
525 2082 654 2146 pagana
676 2065 785 2125 essent
808 2062 967 2146 attingere
990 2062 1263 2130 nonsustincret.
1303 2060 1365 2126 Sed
1388 2083 1460 2124 eum
1483 2083 1552 2126 non
1573 2063 1637 2127 nisi

307 2168 405 2232 fando
427 2167 569 2252 Porfyrii
597 2167 793 2250 exemplaria
821 2168 953 2253 cognita
975 2168 1127 2232 habuisse
1150 2168 1231 2232 mihi
1255 2168 1384 2252 quidem
1406 2170 1547 2251 constat,
1579 2190 1637 2232 nec

307 2277 431 2358 tamen,
464 2275 519 2339 ubi
547 2274 746 2339 mentionem
774 2275 866 2338 inicit
892 2275 995 2358 illius,
1028 2275 1096 2339 solo
1120 2273 1310 2358 Hieronymi
1333 2273 1519 2338 testimonio
1543 2297 1637 2339 usum

308 2403 377 2446 esse
401 2384 452 2446 sat
475 2385 617 2466 apparet.

396 2506 496 2590 Eum,
527 2507 582 2591 qui
613 2510 681 2570 tam
714 2507 847 2571 subtilia
878 2510 1009 2591 tamque
1038 2506 1214 2570 artificiosa
1237 2506 1379 2570 carmina
1402 2506 1638 2590 conscripserit,

307 2611 409 2678 fuisse
437 2614 601 2678 bominem
630 2613 754 2698 pridem
784 2613 994 2678 exercitatum
1021 2613 1167 2677 uersibus
1190 2613 1369 2698 pangendis
1392 2634 1458 2676 non
1481 2613 1637 2698 estquod

308 2720 421 2785 dicam.
466 2719 511 2784 Et
538 2719 613 2803 ipse'
635 2741 703 2784 rem
732 2719 875 2784 affirmat
897 2718 1091 2804 Optatianus
1119 2720 1154 2783 in
1181 2719 1383 2803 praefatione
1407 2707 1580 2784 uoluminis
1606 2723 1639 2782 et

308 2849 406 2912 porro
435 2827 470 2890 in
496 2825 601 2911 primo
630 2827 786 2912 carmine,
818 2826 874 2891 ubi
901 2826 1045 2890 diuersos
1074 2825 1189 2890 habitu
1218 2826 1295 2890 olim
1325 2847 1401 2889 ase
1428 2824 1530 2889 libros
1555 2823 1638 2889 Con-

258 3021 260 3024 ,
308 2934 451 3000 stantino
474 2933 592 2998 missos
617 2919 746 2998 asserit:

564 3113 643 3176 quae
665 3095 820 3176 qrroudcm
842 3113 949 3158 scaras
970 3092 1097 3175 pulchro
1120 3093 1262 3156 decorata
1284 3091 1383 3156 libello

565 3221 688 3264 curasan
711 3202 746 3264 tu
768 3200 906 3282 Augusti
925 3199 1007 3280 ferre
1032 3198 1151 3264 Thalia
1173 3219 1295 3264 manus

309 3358 421 3443 Neque
444 3359 621 3444 inglorium
645 3381 678 3422 se
702 3359 800 3422 fuisse
823 3359 908 3422 inter
931 3359 1079 3442 aequales
1104 3357 1266 3442 significat
1287 3354 1420 3419 ibidem:

559 3489 717 3601 purpureo
738 3519 860 3601 sulpure
882 3519 1001 3595 babitu,
1024 3517 1220 3582 redeuntibus
1243 3518 1336 3593 tutus,
1389 3503 1393 3516 ’
1448 3549 1449 3552 ¹

565 3630 600 3689 ot
621 3626 790 3708 quondum,
813 3625 936 3706 emptis
959 3624 1121 3688 aeditimo
1144 3625 1214 3686 tuis,

397 3784 544 3850 Eundem
568 3784 723 3850 Serenum
747 3786 892 3850 secutum
922 3787 954 3847 et
980 3781 1165 3847 Annianum
1189 3780 1345 3864 opuscula
1367 3778 1488 3843 ruralia
1511 3801 1639 3862 compo-

310 3893 413 3956 suisse
437 3891 539 3976 ipsius
562 3891 749 3956 testimonio
773 3891 930 3954 firmatur.
976 3887 1062 3953 Nam
1084 3889 1132 3951 ita
1155 3887 1201 3950 ait
1223 3888 1256 3950 in
1280 3909 1305 3951 c.
1329 3887 1483 3970 quodam:

567 4053 628 4117 istu
650 4052 735 4116 cauit
757 4051 843 4115 ruris
866 4051 921 4115 tibi
943 4055 1031 4130 uuus
1053 4050 1155 4113 arduo
1177 4051 1284 4111 metra.

399 4211 492 4286 Quod
522 4233 593 4276 cum
624 4211 671 4275 ita
701 4211 758 4293 sit,
790 4209 1022 4292 facile'possis
1052 4205 1174 4290 induci,
1207 4209 1243 4270 ut
1270 4227 1398 4269 uersum
1430 4203 1514 4267 eirca
1542 4202 1640 4265 finem

310 4317 490 4381 centimetri
514 4316 661 4381 Seruiani
685 4318 841 4401 positum:
1234 4309 1247 4331 ⁰
1461 4325 1464 4331 '

568 4476 613 4539 ire
634 4475 720 4557 cupis
743 4477 772 4540 si
793 4495 861 4553 rus,
884 4474 970 4538 molo
992 4473 1071 4538 uites
1093 4473 1200 4536 ααααα
1222 4489 1341 4552 quaeso,

311 4635 366 4721 qui
389 4655 461 4699 cum
484 4637 570 4697 retro
594 4633 713 4716 legitur
735 4635 773 4696 fit
796 4633 971 4697 sotadicus:

567 4811 678 4880 quaeso
701 4793 807 4858 omino
828 4793 906 4857 utne
928 4790 1027 4870 molo,
1050 4809 1105 4853 rus
1126 4789 1155 4856 si
1176 4789 1263 4874 cupis
1286 4789 1339 4865 ire,
