3586 5678
644 676 1045 759 EPIGRAMMATA.

786 877 905 944 xxm

435 1019 554 1104 nudus,
576 1040 689 1106 egens,
712 1019 849 1085 Veneris
872 1021 1050 1106 naufragus
1073 1023 1108 1086 in
1129 1023 1246 1108 pelago

266 1181 457 1267 Fulgentius
480 1179 615 1264 mythol.
637 1201 691 1264 pg.
716 1182 757 1246 72
780 1181 922 1246 Mumk:
950 1182 1034 1248 hanc
1057 1183 1155 1246 etium
1177 1181 1213 1246 in
1236 1182 1318 1246 mari
1340 1185 1508 1248 natantem

177 1289 330 1373 pingunt,
363 1288 448 1372 quod
478 1287 583 1352 omnis
613 1287 714 1352 libido
744 1310 852 1352 rerum
882 1289 1027 1372 patiatur
1048 1288 1234 1374 naufragia3
1270 1289 1354 1354 unde
1378 1292 1411 1353 et
1432 1288 1509 1355 Por·

177 1393 312 1478 phyrius
342 1393 378 1457 in
405 1393 638 1478 epigrammate
668 1393 715 1457 ait
738 1392 873 1458 ‘nudus'
897 1417 923 1458 e.
946 1417 975 1479 q.
1000 1418 1024 1461 s.
1068 1394 1217 1461 Eundem
1240 1417 1382 1482 uersum,
1413 1418 1451 1460 ex
1473 1393 1509 1460 F.

177 1499 328 1584 petitum,
352 1498 447 1563 affert
469 1499 731 1586 Mythographus
755 1501 871 1566 tertius
892 1501 1069 1568 Vaticanus
1093 1523 1146 1587 pg.
1161 1503 1226 1568 229
1251 1502 1342 1581 Bou„
1418 1517 1420 1520 ’
1488 1539 1491 1548 ·

795 1695 895 1762 XXX.

340 1838 509 1922 auxilium,
532 1835 690 1922 Fortrma‚
711 1841 818 1924 tunm,
840 1862 892 1904 res
915 1839 1052 1925 perfida,
1075 1838 1194 1916 Quinto

358 1944 365 1960 '
392 1942 508 2008 extulit
529 1944 564 2008 in
585 1943 726 2008 frontem
751 1945 871 2030 grande
895 1945 1110 2028 supercilium.
1234 2004 1236 2007 ,

336 2073 413 2116 nam
435 2072 476 2114 ne
499 2049 587 2115 aliud
610 2050 752 2136 credam,
774 2055 908 2135 puteum
931 2054 1010 2136 puto
1033 2056 1066 2116 te
1090 2073 1230 2136 quoque,
1253 2050 1384 2128 Quinte:

390 2161 512 2242 quanto
536 2157 621 2222 altus
646 2159 751 2244 magis
775 2179 808 2222 es
832 2161 902 2222 tam
925 2179 1018 2243 mage
1042 2158 1225 2240 despiceris.

264 2317 456 2404 Fulgentius
489 2317 527 2382 de
560 2318 758 2384 continentia
779 2317 973 2402 Vergiliana
1004 2339 1057 2404 pg.
1083 2319 1146 2384 158
1179 2319 1340 2383 exaltatus
1373 2319 1444 2403 quis
1474 2321 1510 2385 in

177 2425 363 2509 superbiam
385 2425 518 2507 duplum
542 2423 685 2509 eliditur3
718 2424 801 2489 unde
834 2427 868 2488 et
897 2421 1097 2507 Porphyrius
1130 2425 1164 2488 in
1196 2425 1430 2510 epigrammate
1461 2427 1509 2492 ait

178 2530 388 2616 ‘pauxillum'
412 2553 442 2622 e.¹
461 2553 490 2615 q.
515 2554 539 2596 s.

652 2689 654 2693 ¹
712 2691 976 2703 ——n——n———n-p-

248 2855 849 2982 INCERTORVMAVOTORVM
876 2905 1057 2982 VERSVS
1085 2907 1445 3018 asciscendus,

178 3119 191 3166 1
406 3099 563 3166 Nereides
586 3100 671 3165 freta
694 3101 740 3166 sio
763 3104 928 3165 uertentes
952 3099 1081 3166 caerula
1103 3103 1245 3186 tranant,

453 3208 583 3274 flamine
607 3208 776 3274 considens
800 3211 837 3272 ut
858 3207 966 3274 Notus
989 3208 1139 3274 Icarium.

406 3314 548 3380 Icarium
570 3316 677 3382 Notus
701 3319 739 3380 ut
761 3315 932 3380 considens
955 3315 1100 3399 flamine,
1122 3319 1256 3380 tranant

453 3423 582 3488 caerula
604 3425 769 3488 uerrentes
795 3423 842 3488 sic
864 3422 949 3487 freta
970 3421 1135 3488 Nereides.

265 3583 439 3648 Diomedes
457 3595 512 3668 pg.
526 3583 592 3648 515
609 3585 811 3668 reciprocum
829 3555 999 3669 neoterici,
1022 3583 1051 3648 si
1073 3605 1140 3648 non
1162 3583 1269 3668 fallor,
1291 3605 1507 3672 nouumgpro·

178 3692 335 3776 tulerunt,
367 3694 404 3755 ut
430 3712 488 3774 per
516 3689 596 3756 duos
623 3713 738 3756 uersus
767 3691 830 3756 duo
859 3690 916 3755 alii
944 3694 1124 3776 recurrant,
1155 3693 1192 3754 ut
1214 3690 1249 3753 in
1271 3690 1336 3754 illis
1359 3691 1508 3755 uersibus

178 3796 364 3863 ‘Nereides'
393 3819 419 3861 c.
442 3820 471 3881 q.
496 3820 520 3862 s.
565 3796 707 3862 Eosdem
739 3820 853 3863 uersus
886 3798 993 3862 adfert
1019 3797 1209 3870 Victorinus
1237 3817 1291 3881 pg.
1319 3795 1420 3881 2562,
1453 3796 1509 3861 sed

176 3904 356 3988 posteriore
380 3903 518 3968 disticho
541 3904 632 3988 prius
655 3904 788 3988 locato,‘
804 3905 888 3969 unde
911 3905 962 3968 bis
986 3905 1071 3989 apud
1094 3902 1230 3966 eundem
1253 3903 1406 3967 scribitur
1428 3903 1509 3968 illud

177 4009 318 4074 ‘tranat'.
352 4009 555 4076 ‘Considens'
579 4010 599 4077 i.
615 4034 641 4076 e.
665 4011 883 4076 ‘descendens'
908 4013 977 4077 siue
1002 4007 1202 4076 ‘immorans'
1226 4031 1296 4095 ego,
1320 4009 1508 4076 ‘confidens'
1601 4065 1605 4074 ,

176 4140 206 4182 u.
228 4117 417 4182 Petronium
443 4117 541 4182 huius
566 4117 717 4182 carminis
743 4122 907 4184 auctorem
931 4140 1002 4182 esse
1025 4117 1209 4200 suspicatur
1231 4115 1401 4203 Bergkius,
1422 4121 1508 4182 teste

176 4221 297 4306 Keilio,
322 4223 377 4287 sed
400 4223 529 4289 frustra.
1395 4237 1398 4242 '

177 4435 193 4482 2
392 4423 481 4486 astra
502 4423 591 4485 tenet
615 4421 752 4508 caelum,
775 4445 863 4486 mare
887 4421 1021 4506 classes,
1044 4442 1120 4486 area
1142 4443 1289 4487 messem.

389 4549 527 4592 messem
551 4550 639 4614 area,
663 4529 783 4594 classes
806 4551 908 4614 mare,
931 4528 1056 4593 caelum
1078 4530 1169 4593 tenet
1192 4533 1289 4594 astra.

266 4684 376 4762 Quint.
399 4687 511 4774 VIIII,
534 4688 569 4774 4,
592 4689 635 4754 90
665 4693 702 4754 ut
731 4689 862 4754 memini
893 4689 1054 4776 quendam
1083 4711 1150 4754 non
1176 4689 1507 4785 ignobilcmpoetam

176 4793 275 4858 talem
294 4789 455 4882 (uersum)
475 4817 623 4861 exarasse
643 4793 805 4897 ‘astral-
820 4795 983 4862 messem'.
1015 4795 1079 4864 Hic
1098 4801 1275 4862 retrorsum
1294 4795 1332 4860 fit
1346 4796 1507 4864 sotadeus.
