3626 5676
723 667 779 734 VI.
803 668 934 750 [XXH.]

377 845 496 910 Martia
519 849 612 930 gesta
635 847 738 910 modis
761 847 866 911 audax
889 847 1018 910 imitata
1042 849 1170 913 sono'ris

377 951 472 1016 Musa
493 973 551 1035 per
574 952 715 1037 effigiem
738 955 917 1016 turmarum
940 953 1084 1017 carmina
1106 955 1196 1018 texit.

376 1057 421 1122 Et
443 1079 529 1124 nuno
553 1079 670 1144 agmen
693 1060 762 1144 agit
785 1061 882 1144 quino
906 1061 965 1124 sub
988 1059 1098 1124 limine
1122 1065 1245 1128 rectum

377 1164 563 1250 Musigeno,
588 1166 728 1250 spatium
751 1169 886 1250 septeno
910 1166 1012 1232 limite
1036 1167 1171 1252 distans,

376 1269 472 1336 Nunc
495 1273 607 1336 eadem
629 1293 724 1336 uerso
747 1273 1090 1357 relegensntcnmque
1113 1278 1221 1339 meatu

378 1375 481 1442 Mittit
503 1379 537 1442 in
560 1377 735 1444 amfractus
758 1401 824 1443 non
846 1401 911 1443 una
933 1380 1004 1464 lege
1027 1383 1183 1464 cateruas,

376 1482 518 1548 Dissona
541 1487 691 1568 componi
714 1485 841 1550 diuerso
865 1486 1006 1550 carmine
1030 1487 1183 1572 gaudens,
1263 1487 1269 1496 “

377 1588 479 1655 Grata
502 1591 599 1656 nimis
622 1592 707 1657 flexu
730 1592 827 1659 docili
850 1593 888 1657 de
911 1596 1043 1676 perpete
1066 1596 1179 1678 metro,

377 1695 461 1762 Orsa
482 1698 600 1763 iterum
622 1699 679 1763 fini
703 1701 845 1785 socians,
868 1699 1008 1765 confinia
1030 1703 1144 1765 contra

375 1803 581 1889 Praeponens
606 1805 702 1890 orsis,
724 1805 814 1871 nullo
838 1805 1024 1870 discrimine
1046 1806 1152 1871 metri.

378 1908 463 1985 Quin
487 1911 585 1975 etiam
608 1914 719 1995 partes
742 1911 865 1976 mediae
889 1933 947 1974 sua
970 1911 1081 1976 munia
1104 1912 1218 1976 doctae

377 2015 571 2100 Expediunt.
611 2018 713 2082 uersis
737 2017 877 2102 uicibus,
898 2039 988 2100 nam,
1010 2017 1075 2081 fine
1099 2019 1251 2103 seduno,

377 2122 531 2200 Quamuis
556 2125 726 2209 ambiguos
750 2147 861 2190 cursus
885 2127 918 2188 ct
941 2123 1035 2189 deuia
1058 2124 1179 2190 claudit
1206 2141 1210 2149 ·

377 2229 553 2296 Ostentans
577 2236 679 2297 artem
702 2233 820 2297 uinciri
845 2253 988 2316 scrupea.
1034 2232 1169 2316 praebet

377 2335 589 2424 Sarmaticae,
612 2360 750 2423 summe,
774 2341 908 2424 strages.
954 2361 1008 2424 en,
1031 2342 1102 2404 tota
1123 2342 1255 2422 peracta

375 2443 464 2509 Vota
487 2442 628 2531 (precor,
651 2442 778 2533 faueas)
802 2445 862 2510 sub
886 2448 973 2510 certo
997 2444 1129 2510 condita
1151 2445 1233 2510 uisu.

376 2549 549 2617 Factorum
573 2573 711 2638 gnarum
733 2557 802 2617 tam
825 2551 962 2637 grandia
985 2551 1089 2615 dicere
1112 2555 1223 2616 uatem

375 2657 446 2722 Iam
468 2659 601 2742 totiena,
624 2658 772 2744 Auguste
778 2710 787 2744 ,
809 2659 894 2724 licet.
932 2655 1100 2741 Campona
1123 2679 1236 2723 cruore

377 2763 499 2829 Hostili
522 2769 597 2848 post
620 2766 706 2830 bella
729 2767 862 2831 madens
887 2765 1052 2830 artissima
1074 2767 1144 2830 toto

376 2870 532 2956 Corpora,
542 2873 616 2937 fusa
639 2873 722 2957 solo,
746 2873 929 2937 submersas
953 2893 1047 2936 amne
1070 2873 1193 2956 repleto
1245 2921 1247 2926 .

376 2977 502 3042 Victrix
525 2979 661 3044 miretur
682 2979 796 3044 turbas
820 2979 984 3064 aciemque
1006 2977 1156 3044 ferocem.

375 3083 520 3151 Plurima
542 3087 698 3170 conabor,
720 3086 872 3151 Phoebeo
896 3085 1037 3150 carmine
1061 3086 1214 3171 gaudem,

377 3191 561 3276 Margensia
585 3213 764 3257 memorare
787 3192 864 3257 boni
887 3193 1040 3256 caelestia
1061 3191 1160 3276 facta,

376 3295 533 3363 introitus
558 3299 699 3364 etbella
721 3299 811 3384 loqui
834 3299 983 3382 perculsa
1005 3299 1120 3383 ruinis,

377 3402 455 3478 cuis
479 3405 605 3470 deuicta
628 3406 713 3470 iacet
736 3425 816 3490 gens
840 3406 919 3470 duro
943 3405 1200 3470 Marte-caduca.

376 3509 481 3575 Testis
496 3533 698 3596 vmagnorum
721 3513 827 3578 uicina
850 3509 1001 3577 Bononia
1022 3534 1174 3596 praesens

378 3615 428 3681 Sit
450 3619 520 3682 uoti
544 3641 691 3702 compos,
714 3620 883 3704 excisaque
907 3619 1038 3704 agmina
1061 3641 1193 3683 cernens

376 3723 441 3788 Det
462 3725 540 3810 iuga
562 3725 701 3809 captiuis
724 3729 758 3789 et
780 3726 877 3790 ducat
900 3729 1007 3790 cetera
1030 3726 1176 3809 praedas

377 3830 520 3896 Grandia
542 3832 658 3897 uictori
681 3833 833 3897 molimur
856 3831 1001 3916 praemia
1023 3833 1145 3916 plectro

377 3929 504 4022 Dicere,
527 3960 586 4003 neo
610 3939 690 4003 satis
714 3941 777 4023 est,
800 3941 914 4004 uotum
938 3939 965 4004 si
988 3940 1149 4022 compleat
1172 3959 1226 4004 ore

295 4103 315 4112 -
378 4043 472 4108 Musa
495 4067 567 4110 suo:
590 4067 809 4130 quaecumque
832 4049 928 4130 parat
950 4046 1010 4110 sub
1033 4047 1104 4131 lege
1128 4068 1244 4111 sonare

378 4149 546 4235 Scruposis
568 4153 686 4216 innexa
709 4153 827 4236 modis,
850 4153 993 4236 perfecta
1015 4152 1156 4216 camenis

377 4257 459 4322 Vult
480 4280 631 4324 resonare
655 4259 735 4323 meis
758 4262 792 4323 et
813 4259 909 4323 testis
931 4261 1010 4324 nota
1032 4261 1166 4342 tropaea

377 4363 522 4449 Depictis
546 4367 675 4452 signare
697 4367 822 4450 metris,
845 4387 917 4430 oum
940 4387 1071 4430 munere
1095 4389 1187 4432 sacro

378 4471 497 4537 Mentis
521 4473 657 4540 deuotac
679 4473 840 4557 placarint
861 4472 931 4536 fata
953 4473 1119 4555 procellas.

697 4709 729 4718 v...
738 4706 961 4714 μνη-ιιι,-
