3626 5676
381 611 491 678 Aurea
514 614 578 677 iam
601 617 671 678 toto
695 614 798 678 uictor
821 617 876 680 tua
900 614 1027 679 saecula
1049 614 1181 699 pollent,

382 719 608 800 Constantine,
631 721 715 803 polo.
738 721 819 786 haec
843 744 945 786 nexus
968 723 1040 807 lege
1065 721 1180 787 solutis

382 826 535 890 Dicturus
560 826 672 890 metris
696 847 815 912 magno
838 830 949 892 mouet
971 829 1101 912 agmine
1124 826 1243 892 Musas.

381 933 427 998 At
448 955 521 1018 mea
544 933 599 998 uix
621 932 717 1015 pictis
741 933 818 997 dum
840 935 923 998 texit
946 934 1090 998 earmina
1113 934 1237 999 Phoebi

382 1037 528 1124 Calliope
551 1039 704 1124 modulis,
726 1040 857 1124 gaudet,
881 1041 909 1106 si
931 1044 1010 1104 uota
1034 1041 1187 1106 secundet

380 1144 508 1229 Delius,
531 1145 657 1210 intexta
679 1149 716 1210 ut
737 1146 834 1229 parili
857 1147 916 1211 sub
940 1147 1070 1210 tramite
1093 1146 1189 1212 Musa

383 1251 466 1317 Orsa
488 1251 591 1335 iuuet,
614 1273 710 1316 uersu
733 1253 929 1338 consignans
953 1274 1050 1317 aurea
1073 1253 1187 1318 saecla.

381 1357 444 1423 Sed
465 1358 528 1423 tibi
550 1357 703 1423 deuotam
724 1359 857 1442 rapiunt
879 1360 920 1424 ad
943 1359 1063 1443 gaudia
1086 1362 1228 1424 mantem

302 1447 308 1458 Ν
381 1464 609 1551 Audentcrque
631 1465 722 1549 loqui
746 1465 882 1530 suadent
903 1488 962 1549 per
985 1465 1079 1530 deuia
1101 1469 1179 1530 uoto

381 1571 524 1637 Aonides
547 1572 664 1656 fretae,
688 1569 886 1656 ct,(quantis
911 1593 969 1635 sua
992 1571 1092 1636 uerba
1114 1574 1198 1638 tueri

263 1663 267 1673 ⁸
380 1678 522 1764 Legibus
547 1676 748 1765 adstrictael)
771 1680 804 1742 te
827 1681 898 1742 tota
921 1680 1027 1742 mente
1050 1679 1176 1763 fideque

379 1785 475 1850 Vatis
498 1806 577 1850 uoce
600 1784 664 1869 tui,
686 1787 756 1869 tua,
778 1785 929 1869 princeps
952 1785 1087 1870 inclyte,
1109 1788 1204 1852 tanta

380 1891 473 1956 Bella
495 1895 628 1977 canunt,
652 1895 685 1958 et
706 1890 850 1977 Pegaseo
874 1915 957 1958 noua
983 1893 1127 1957 carmina
1149 1898 1228 1978 potu

380 1999 554 2082 Exercent,
576 2019 722 2083 nexuque
745 1999 861 2063 uolunt
882 2019 968 2062 nuno
991 1998 1053 2062 rite
1077 2020 1193 2064 sonare

379 2105 557 2191 Egregium
579 2105 758 2189 imperium.
785 2107 879 2169 tanto
903 2127 958 2170 cor
982 2127 1114 2170 munere
1137 2105 1230 2190 fungi

378 2211 423 2276 Et
445 2212 609 2294 praecelsa
631 2211 724 2275 iuuat
747 2232 842 2275 uersu
864 2233 922 2295 per
945 2233 1080 2295 scrupea
1102 2211 1174 2276 fari.

378 2309 497 2384 Mentis
522 2341 601 2404 opus
625 2318 742 2382 mirum
765 2317 877 2382 metris
900 2317 1045 2382 intexere
1068 2341 1199 2383 carmen

378 2425 431 2491 Ad
453 2425 562 2490 uarios
585 2446 711 2509 cursus3
734 2424 803 2508 uix,
827 2427 898 2488 arto
922 2424 956 2488 in
978 2423 1082 2490 limite
1106 2425 1224 2510 clausa,

377 2532 528 2597 Nodosos
552 2531 642 2599 uisus
665 2530 743 2595 artis
767 2533 840 2594 cata
862 2529 1026 2613 praeferat
1047 2553 1085 2595 cx
1108 2532 1182 2617 hoc,

380 2639 425 2703 ltt
446 2641 558 2702 tamen
582 2660 661 2703 ausa
683 2637 773 2720 loqui
796 2639 888 2701 tanto
912 2659 1004 2701 mens
1028 2639 1156 2702 aestuat
1178 2659 1242 2722 ore,

376 2743 446 2811 Nec
469 2745 603 2830 dignum
626 2743 712 2808 uotis
735 2763 864 2806 carmen
887 2743 932 2807 sio
955 2743 1087 2808 reddere
1110 2747 1206 2829 retur,

378 2851 452 2916 Tali
473 2851 545 2936 lege
569 2871 701 2936 canens,
724 2871 805 2934 quac
827 2853 975 2915 nostrum
997 2851 1118 2935 pagina
1141 2852 1226 2918 sola'

377 2957 429 3024 Ex
451 2957 607 3022 Helicone
631 2955 748 3044 (licetl)
772 2956 937 3040 conplcbit
960 2979 1077 3022 munus
1101 2958 1232 3042 amoris,

377 3063 470 3128 Picta
493 3064 727 3130 elementorum
749 3062 841 3126 uario
864 3083 921 3146 per
944 3063 1068 3128 musica
1090 3067 1191 3128 textu
1291 3059 1293 3064 ’
1379 3051 1381 3058 ’

800 3417 857 3483 IV.

725 3559 934 3608 cnunsrrro.

376 3686 507 3771 Imperii
530 3685 632 3750 fastus
657 3683 822 3771 geminent
844 3685 991 3750 uicennia
1015 3685 1117 3770 signa.

364 3869 369 3873 ,
483 3792 607 3878 Pagina
629 3791 750 3858 flexoso
774 3791 903 3856 tramite
927 3779 1005 3856 uota
1027 3793 1086 3856 not
1107 3793 1130 3854 t.

378 3883 676 3984 Constantinigcnis
700 3897 837 3963 Helicon
860 3899 915 3962 det
936 3897 1016 3961 talia
1037 3897 1125 3962 natis

483 4004 631 4090 Munera,
654 4005 780 4076 deuotis
803 4004 974 4068 haustibus
998 4026 1056 4068 ora
1078 4003 1197 4088 rigans.

376 4111 447 4178 Hos
471 4135 566 4197 rupes
589 4110 700 4177 Oirrea
723 4114 816 4176 sonet
838 4111 1010 4194 uideatque
1033 4131 1183 4175 coruscos

484 4219 581 4284 Ponti
602 4219 772 4305 nobilitas,
795 4220 897 4283 altera
919 4219 1036 4302 Roma,
1059 4218 1163 4282 duces.

377 4327 439 4392 Sed
461 4348 547 4391 nunc
569 4328 602 4390 te
626 4326 730 4390 uictor
753 4323 838 4411 (uult
859 4347 974 4390 norma
996 4325 1029 4388 id
1052 4324 1139 4388 dicta
1161 4324 1329 4418 sonorum)

484 4431 681 4496 Contentum
703 4431 795 4496 tenui
818 4451 949 4494 munere
971 4429 1067 4494 Musa
1089 4429 1186 4514 cupit.

378 4539 466 4617 Quor
487 4541 580 4605 textu
602 4559 757 4621 scruposa
780 4537 842 4602 sict
864 4558 936 4600 mea
958 4537 1081 4622 pagina
1104 4537 1252 4621 simplex,
1381 4531 1384 4536 ’

483 4643 631 4712 Disserat
653 4642 802 4729 Augusto
827 4641 993 4726 Calliopea
1015 4665 1096 4708 mea.
