3626 5676
791 1305 1120 1380 PROOEMIVM.

902 1481 1007 1489 .----

380 1584 673 1656 Alexandrinorum
696 1589 863 1668 poetarum
892 1589 1037 1670 tempore
1065 1607 1138 1651 cum
1162 1586 1271 1671 magni
1294 1587 1341 1650 illi
1365 1585 1472 1653 fontes
1496 1583 1618 1673 musici,

293 1693 409 1778 quibus
434 1691 650 1777 antiquissimi
674 1690 870 1760 Graecorum
894 1714 952 1757 ora
975 1713 1033 1756 sua
1056 1691 1284 1778 irrigauerant,
1312 1691 1346 1758 in
1374 1697 1487 1759 tenues
1510 1694 1617 1762 diduci

185 1798 189 1804 ’
293 1800 399 1883 coepti
427 1802 535 1864 essent
560 1799 698 1883 riuulos,
731 1799 864 1866 abiectis
898 1799 1059 1884 plerisque
1092 1802 1269 1865 metrorum
1297 1800 1413 1884 quibus
1440 1801 1537 1884 prisci
1569 1801 1624 1866 illi

293 1909 385 1970 erant
417 1905 580 1989 delecisti,
613 1905 681 1969 siue
714 1927 752 1970 ea
781 1905 905 1970 incuria
934 1905 997 1970 fuit
1026 1906 1093 1970 siue
1122 1906 1320 1990 ignorantia,
1352 1927 1454 1971 nouas
1484 1905 1618 1975 facetias

216 2085 217 2088 Ἴ
293 2011 467 2081 commenti
486 2014 562 2076 sunt
581 2014 727 2076 auctores
747 2012 788 2076 ad
806 2012 963 2090 lectorum
982 2011 1174 2076 uincendum
1193 2011 1366 2076 fastidium.
1396 2010 1479 2078 Sane
1498 2014 1619 2078 uetusti

293 2118 382 2184 lusus
410 2117 543 2202 poetici,
574 2139 677 2200 paene
704 2121 741 2182 ut
768 2117 881 2183 eodem
908 2121 1052 2201 tempore
1082 2117 1218 2181 artificia
1245 2121 1422 2184 metrorum
1449 2119 1619 2184 uideantur

294 2224 496 2308 prouenisse,
528 2245 591 2308 quo
619 2225 692 2308 ipsa
720 2246 772 2288 ars
800 2223 947 2287 inualuit.
992 2220 1077 2286 Nam
1105 2225 1138 2286 et
1159 2221 1270 2306 Lasos,
1297 2223 1352 2307 qui
1374 2209 1549 2289 Pindarum
1573 2225 1617 2289 di·

294 2329 532 2414 thyrambicam
555 2333 658 2396 artem
681 2331 798 2414 docuit,
821 2328 965 2395 carmina
987 2323 1111 2412 ἄσιγμοι
1130 2329 1349 2411 composuisse
1368 2329 1493 2413 dicitur,
1516 2334 1549 2394 et
1572 2329 1619 2396 Si-

295 2435 431 2520 monidi,
455 2458 528 2501 cum
550 2436 722 2531 Herculem
745 2435 910 2502 laudasset
932 2435 1045 2500 metris
1069 2433 1171 2499 hisce:

505 2592 630 2661 Μοῦσά
653 2619 710 2679 μοι
731 2591 913 2677 Ἀλκμήνης
935 2591 1168 2678 καλλισφύρου
1190 2587 1267 2658 vido
1290 2588 1381 2658 dade

507 2697 584 2767 υλόυ
606 2697 788 2786 Ἀλκμήνης
810 2697 901 2765 diade
925 2697 1049 2766 Μοῦσά
1073 2723 1130 2785 μοι
1152 2696 1394 2783 καλλισφύρου,

296 2863 487 2930 Timocreon
509 2857 710 2948 καρφὸήσας
733 2860 780 2925 ita
802 2861 982 2945 rescripsit:

552 3023 641 3103 Κηΐα
664 3043 703 3104 με
727 3019 893 3103 προςήλθε
917 3022 1064 3103 φλυαρία
1088 3017 1149 3083 οὐκ
1173 3017 1333 3083 ἐθέλοντα

552 3123 613 3190 οὐκ
637 3121 797 3190 ἐθέλοντά
821 3148 860 3209 με
882 3125 1049 3209 προςήλθε
1073 3127 1163 3207 Κηϊα
1179 3129 1342 3210 φλυαρία.

383 3286 460 3352 Mox
485 3289 517 3350 et
540 3285 720 3351 acrosticha
743 3285 776 3348 e't
797 3283 968 3348 telesticha
992 3306 1029 3348 ac
1053 3283 1201 3348 similiter
1223 3284 1258 3348 in
1280 3284 1398 3350 litteris
1417 3285 1541 3370 positas
1565 3286 1620 3350 ob-

296 3393 476 3460 seruantias
505 3413 564 3456 nec
591 3391 697 3457 minus
726 3414 837 3457 uersus
866 3387 1067 3456 recurrentes
1099 3391 1168 3456 siue
1195 3392 1390 3457 cancellatos
1418 3395 1451 3456 et
1480 3393 1535 3477 qui
1564 3413 1621 3476 per

295 3499 497 3586 epanalepsis
526 3496 655 3562 schema
682 3498 855 3563 decurrunt
882 3498 1008 3582 aliaque
1036 3497 1068 3561 id
1095 3518 1197 3581 genus
1221 3519 1422 3582 prompsere3
1452 3500 1621 3582 praeterea

295 3607 448 3690 pleraque
467 3605 617 3689 artificia,
649 3604 717 3670 siue
744 3603 922 3688 praestigia
950 3602 1054 3667 dicere
1082 3602 1196 3687 males,
1229 3623 1391 3668 accessere
1420 3624 1459 3667 ex
1481 3603 1619 3668 lectione

297 3711 491 3778 scholastica
514 3711 650 3794 exempli
672 3709 852 3794 Homerici,
881 3710 915 3773 in
939 3731 1001 3793 quo
1030 3731 1140 3773 uersus
1167 3705 1356 3792 ἰσοψήφους
1379 3711 1412 3774 et
1433 3705 1623 3784 πολιτικούς

296 3822 329 3882 et
352 3815 559 3903 ρωπαλικούς
583 3819 615 3882 et
637 3814 716 3901 quid¹
736 3837 803 3880 non
827 3837 999 3901 agnoscere
1025 3816 1088 3881 sibi
1111 3817 1174 3880 uisi
1197 3818 1273 3880 sunt
1296 3816 1391 3881 docti.

384 3923 597 3988 Intenderunt
632 3943 700 3986 rem
736 3921 877 3986 Romani
912 3926 1040 4007 praeter
1076 3923 1293 3988 imitationem
1329 3921 1621 4004 Alexandrinorum

298 4033 396 4096 etiam
424 4029 582 4114 incompti
610 4027 733 4094 decoris
761 4029 843 4095 odio.
888 4029 990 4095 Porro
1024 4053 1087 4115 quo
1119 4030 1251 4115 grauior
1274 4029 1383 4093 euenit
1405 4033 1559 4117 uergente
1584 4051 1621 4094 ao

297 4139 481 4200 senescente
509 4135 703 4220 antiquitate
730 4136 884 4200 materiae
912 4135 1035 4219 inopia,
1067 4157 1104 4200 eo
1133 4135 1239 4220 magis
1267 4135 1409 4219 optinuit
1431 4135 1620 4202 facetiarum

300 4265 337 4308 ac
360 4241 571 4308 ludibriorum
596 4242 736 4308 cuiusuis
760 4242 847 4307 modi
871 4242 1046 4306 studium..

386 4347 509 4414 Verum
537 4349 680 4414 omnium
712 4347 867 4413 aetatium
900 4347 1107 4432 gentiumque
1136 4350 1295 4432 quotquot
1321 4347 1459 4412 inueniri
1486 4351 1624 4430 possunt

173 4502 178 4514 .
299 4455 440 4542 fingique
471 4453 664 4538 praestigias
694 4454 843 4520 metricas
876 4475 1045 4538 superasse
1075 4455 1171 4538 longe
1194 4453 1370 4533 censendus
1393 4457 1443 4517 est
1464 4452 1623 4518 Publilius

298 4560 490 4647 Optatianus
519 4557 703 4644 Porfyrius,
735 4560 774 4625 de
802 4581 865 4644 quo
894 4581 975 4645 quae
1007 4559 1145 4626 diximus
1174 4561 1209 4625 in
1235 4561 1320 4624 libro
1347 4562 1459 4626 nostro
1482 4579 1535 4645 pg.
1558 4560 1623 4624 466

296 4667 350 4735 hio
375 4689 413 4733 ex
436 4669 528 4754 parte
551 4669 746 4754 repetentur.
1581 4667 1583 4680 '
