3626 5676
322 485 412 532 XVIII
872 487 1088 535 PROOEMIVM.

323 644 402 710 Inde
425 647 529 712 multa
555 647 590 712 in
617 647 685 711 eius
709 650 742 710 et
763 647 874 712 fratris
897 647 1105 714 Constantini
1127 651 1255 717 laudem
1279 656 1464 738 sequuntur.
1510 652 1575 720 Cur
1596 679 1654 741 pa·

324 774 428 838 ganus
453 755 532 818 adeo
555 754 644 818 uisus
668 752 789 838 Bedse,
820 758 857 819 ut
879 755 947 820 eius
972 758 1138 821 attactnm'
1153 757 1209 822 illo
1233 759 1363 824 nomine
1386 760 1553 846 refugerit,
1584 785 1653 829 non

323 859 495 924 admodum
519 861 599 926 scio:
631 860 760 924 fabulae
784 861 986 926 intermixtae
1010 867 1099 947 runt,
1134 865 1190 928 sed
1220 869 1252 928 et
1283 863 1487 933 Christianae
1517 868 1649 952 pietatis

324 971 516 1050 argumenta
538 967 708 1052 permulta,
731 967 889 1052 inprimis,
911 969 1006 1034 irrisa
1025 969 1151 1034 Iuliano
1175 971 1210 1035 in
1224 972 1438 1058 Misopogone
1454 973 1514 1040 Chi
1533 976 1652 1060 littera,

323 1076 356 1136 11
379 1096 457 1142 crux
481 1073 753 1140 Constantiniana
777 1075 910 1141 omuino
933 1075 1070 1160 integra,
1094 1098 1132 1141 ea
1154 1100 1287 1161 prorsus
1311 1079 1417 1144 forma
1440 1103 1536 1166 quam
1550 1082 1650 1147 Euse-

325 1179 398 1244 bius
422 1179 599 1264 descripsit,
622 1180 778 1263 repetitae
803 1184 880 1245 sunt
903 1181 1009 1266 toties,
1032 1186 1070 1246 ut
1091 1183 1271 1266 impietatis
1294 1187 1441 1269 profecto
1464 1192 1576 1253 notam
1599 1188 1650 1253 de-

233 1375 236 1381 ,
322 1287 449 1370 precari
483 1286 664 1370 debuerint,
706 1287 774 1351 sine
805 1288 904 1352 etiam
938 1289 1080 1353 carmine
1109 1287 1173 1374 IX,
1206 1294 1239 1355 et
1269 1315 1351 1377 quae
1382 1295 1447 1358 alia
1477 1299 1552 1359 sunt
1581 1296 1651 1360 cius

324 1393 450 1477 generis
473 1415 540 1458 non
557 1391 676 1478 pauca,
698 1394 823 1459 fuisset.
868 1392 918 1458 De
941 1395 1081 1480 reliquo,
1105 1396 1259 1462 iudicium
1281 1398 1373 1478 ferre,
1396 1401 1527 1466 lectoris
1549 1397 1651 1484 potis-

321 1500 438 1564 simum
465 1503 590 1583 partes:
627 1500 733 1565 ausim
761 1504 872 1566 tamen
901 1502 1115 1586 pronunciare
1143 1507 1176 1567 et
1204 1525 1278 1590 ego,
1310 1503 1508 1573 Ausonianis
1536 1530 1651 1592 prope-

320 1606 452 1672 modum
475 1607 594 1691 uerbis,
617 1629 687 1672 csse
706 1608 760 1672 hic
779 1609 865 1694 quod
883 1609 1010 1673 mireris
1029 1608 1076 1694 (id
1095 1631 1191 1675 nemo
1210 1611 1340 1696 iniquus
1359 1613 1438 1678 adeo
1456 1615 1650 1700 negaturus)

210 1789 213 1796 ,
320 1736 433 1779 uerum
456 1714 559 1778 multo
582 1714 686 1800 magis
706 1715 805 1779 etiam
824 1737 903 1800 esse,
926 1717 1037 1799 paucis
1060 1717 1179 1782 litteris
1198 1719 1325 1803 additis,
1347 1719 1437 1784 cuius
1457 1720 1650 1805 miserearis,

320 1843 423 1906 neque
452 1821 608 1886 aemulari
634 1821 730 1886 uelis:
762 1845 839 1886 nam
866 1823 928 1888 hoc
955 1827 1170 1909 postremum,
1198 1847 1310 1890 omnes
1333 1825 1508 1898 Musarum,
1523 1849 1650 1912 pueroS,

320 1950 377 2012 per
408 1951 498 2012 spem
529 1927 709 1992 studiorum
739 1950 886 2010 suorum,
919 1933 1029 1995 oratos
1059 1932 1134 1996 uolo
1165 1932 1264 1998 enixe.
1309 1931 1467 1998 Praesens
1497 1937 1531 1998 et
1558 1937 1648 1998 certa

318 2036 420 2118 pestis
443 2034 663 2120 ingeniorum,
690 2033 814 2098 imitari
836 2035 920 2100 uelle
948 2036 1012 2100 ista
1034 2038 1128 2122 talia,
1156 2061 1239 2123 quae
1262 2039 1343 2102 recti
1367 2039 1487 2124 specie,
1521 2031 1649 2123 etipsa

320 2143 520 2208 difficultatis
550 2142 714 2225 illecebra,
747 2145 868 2224 queant
894 2143 1034 2208 incautis
1058 2144 1249 2230 lenocinari,
1280 2168 1346 2212 non
1368 2146 1435 2210 illis
1459 2147 1514 2230 qui
1537 2168 1648 2210 ueram

317 2272 454 2335 poeseos
477 2248 749 2334 pulchritudinem
772 2249 880 2314 animo
904 2271 1047 2334 unquam
1071 2252 1284 2335 conceperint.
1320 2252 1421 2317 Porro
1445 2274 1518 2317 cum
1540 2257 1648 2336 patro·

318 2375 397 2421 num
418 2355 619 2441 Porphyrius
644 2359 825 2441 quaereret,
854 2357 908 2441 qui
931 2357 1076 2422 insuetae
1101 2349 1428 2424 audaciaeconatum
1452 2360 1549 2444 tueri,
1577 2364 1648 2424 tum

319 2466 430 2547 posset
455 2466 526 2527 tum
553 2463 667 2548 uellet,
701 2465 734 2528 11
760 2463 858 2549 longe
886 2463 936 2528 illi
960 2462 1192 2530 Cbnstantinus
1216 2463 1301 2550 Aug.
1328 2466 1426 2551 longe
1455 2464 1587 2551 Crispus
1615 2469 1648 2530 et

318 2568 552 2634 Constantinus
577 2567 686 2634 Cacss.
710 2574 827 2655 essent,
850 2571 884 2634 in
906 2575 1011 2656 tuam,
1035 2571 1095 2636 Vir
1117 2571 1272 2656 Illustris,
1297 2573 1360 2637 sibi
1384 2573 1570 2638 clientelam
1589 2596 1646 2656 pu-

291 2669 400 2742 'tauit
423 2676 673 2761 concedendum,
697 2677 782 2761 quod
805 2679 838 2740 in
862 2681 919 2742 tua
941 2679 1081 2742 maxime
1104 2679 1233 2763 uirtute,
1256 2679 1468 2763 humanitate,
1492 2679 1647 2763 doctrina,

317 2785 396 2850 satis
421 2785 483 2849 sibi
507 2783 660 2868 praesidii
684 2805 722 2847 ex
745 2787 880 2869 utroque
904 2785 1011 2868 capite
1034 2807 1104 2850 esse
1127 2785 1333 2870 intelligeret.
1369 2784 1474 2850 Tuum
1493 2785 1557 2849 iam
1578 2787 1646 2870 erit,

318 2892 496 2977 supplicem
524 2913 590 2956 non
617 2891 795 2976 negligere,
828 2891 883 2975 qui
911 2892 996 2956 scias
1024 2893 1137 2976 quanti
1164 2891 1227 2958 hoc
1254 2913 1357 2977 genus
1380 2892 1527 2957 homines
1551 2891 1645 2956 Plato

226 3065 227 3068 ,
320 2999 506 3065 faciundum
539 2998 714 3081 censuerit,
745 3001 861 3062 natura
892 3002 1060 3082 praeterea
1091 3000 1140 3063 ita
1171 2999 1215 3063 sis
1248 2998 1456 3084 informatur,
1488 3003 1643 3082 perpetuo

316 3109 397 3172 bene
422 3106 571 3172 omnibus
593 3104 734 3170 faciendi
756 3127 817 3169 usu
841 3105 1060 3190 confirmatus,
1083 3108 1120 3169 ut
1137 3127 1233 3170 nemo
1253 3106 1423 3190 quisquam
1441 3109 1532 3170 tuam
1551 3129 1645 3190 opem

317 3238 462 3299 unquam
483 3214 605 3278 frustra
627 3213 863 3297 imploraucrit,
896 3213 942 3276 eis
971 3213 1026 3297 qui
1048 3213 1211 3297 Apollinis
1236 3213 1335 3294 sacris
1359 3213 1497 3296 operati,
1530 3235 1645 3276 manus

315 3323 414 3386 etiam
438 3320 609 3385 adiutrices
632 3320 718 3385 ultro
742 3341 869 3404 semper
891 3321 1082 3404 porrexeris.
1128 3319 1219 3384 Vale.

403 3428 497 3493 Hanc
521 3426 696 3491 editionem
718 3427 752 3490 in
776 3427 950 3511 appendice
975 3407 1110 3511 operum
1132 3427 1234 3492 Marci
1257 3427 1393 3511 Velseri,
1416 3450 1445 3492 a.
1470 3429 1555 3493 1682
1578 3427 1644 3493 No-

314 3533 496 3621 rinrbergae
519 3555 601 3619 quae
624 3533 786 3617 prodiere,
809 3533 914 3597 denuo
937 3533 1060 3598 recudit
1083 3531 1338 3618 Christophorus
1362 3533 1540 3618 Arnoldus,
1573 3534 1644 3597 sub-

314 3645 433 3708 iunctis
457 3641 635 3708 Christiani
657 3640 789 3705 Daumii
812 3641 911 3724 curis,
939 3640 1055 3724 quibus
1078 3641 1254 3706 lectionum
1277 3641 1432 3724 uarietas,
1461 3661 1642 3724 quae-sane
1714 3699 1721 3712 ,

316 3771 434 3835 magna
457 3747 626 3813 intercedit
648 3747 732 3811 inter
751 3746 879 3811 Velseri
901 3747 1020 3812 librum
1044 3751 1077 3812 11
1090 3745 1229 3832 Pithoei,
1253 3747 1332 3812 satis
1356 3749 1505 3812 accurate
1528 3768 1643 3830 propo-

315 3859 411 3941 nitur,
435 3856 552 3921 additis
576 3859 609 3920 et
632 3854 708 3918 aliis
732 3855 924 3938 quibusdam
942 3855 1039 3920 notis.
1072 3854 1143 3919 Hoc
1161 3854 1269 3938 ipsum
1289 3855 1452 3938 exemplar
1470 3853 1643 3937 repetitum

316 3968 366 4028 est
389 3963 587 4028 collectionis
611 3961 813 4026 Pisaurensis
837 3965 927 4027 tomo
950 3960 991 4026 V,
1030 3961 1120 4025 Idem
1142 3961 1321 4026 nouissimo
1344 3964 1491 4045 tempore
1514 3959 1645 4024 iterauit

305 4070 402 4155 typis
420 4068 566 4154 Mignius
589 4068 791 4153 patrologiae
813 4067 949 4132 Latinae
972 4071 1062 4132 tomo
1085 4067 1176 4146 XIX,
1201 4067 1281 4131 satis
1305 4047 1556 4151 commodabis
1579 4063 1644 4129 illic

315 4181 424 4242 tamen
448 4197 618 4260 operarum
642 4175 805 4242 erroribus
830 4175 1050 4259 deprauatum.
1102 4175 1235 4239 Praeter
1257 4173 1316 4238 hos
1340 4196 1436 4240 nemo
1461 4174 1568 4238 extitit
1591 4173 1645 4256 qui

313 4288 419 4350 totum
437 4283 556 4347 librum
570 4281 712 4367 Porfyrii
731 4282 852 4347 ederet:
877 4282 962 4368 quod
981 4285 1095 4346 contra
1114 4283 1171 4346 sui
1183 4282 1376 4346 inuenerunt
1395 4281 1557 4346 studiosos
1577 4285 1643 4344 car·
1676 4317 1680 4326 ·

190 4469 191 4474 ¹
314 4391 402 4455 mina
417 4412 498 4476 quae
516 4390 637 4474 figuras
657 4393 761 4454 certas
780 4391 929 4474 aequant.
959 4387 1045 4452 Nam
1064 4391 1096 4452 et
1109 4387 1284 4452 Fortunius
1298 4387 1428 4452 Licetus
1448 4386 1644 4452 1111111630

315 4499 453 4564 111635
473 4496 728 4581 encyclopaediis
747 4519 826 4581 quas
848 4496 977 4560 uocauit
996 4495 1092 4559 editis
1113 4497 1242 4578 copiose
1263 4495 1300 4558 de
1320 4517 1377 4559 ara
1396 4498 1428 4557 11
1451 4493 1488 4556 (11
1513 4492 1644 4576 syringe

316 4605 458 4690 Porfyrii
482 4606 718 4669 commentatus
742 4607 801 4687 est,
825 4607 857 4666 et
881 4601 918 4666 de
938 4623 1061 4687 organo
1077 4601 1245 4686 Augustus
1261 4601 1451 4666 Buchnerus
1472 4603 1504 4663 et
1519 4596 1644 4684 Caspar

313 4712 470 4780 Barthius
501 4710 736 4793 disseruerunt,
768 4709 821 4774 hic
850 4711 885 4774 in
914 4710 1002 4775 notis
1033 4709 1073 4773 ad
1098 4701 1310 4774 Claudianum
1340 4729 1393 4794 pg.
1419 4707 1495 4790 178,
1528 4705 1581 4769 ille
1609 4705 1644 4768 in

315 4819 649 4890 animaduersionibus
669 4819 709 4883 ad
723 4817 877 4883 Venantii
895 4819 1052 4904 hymnum
1065 4800 1112 4882 'de
1131 4817 1367 4882 resurrectione
1386 4813 1509 4880 domini
1527 4834 1580 4899 pg.
1592 4815 1644 4879 27.
