3626 5676
524 577 662 660 Adnuit,
685 596 765 642 ausa
787 595 915 659 precem
938 573 1087 658 uelisque
1110 572 1235 637 edicere
1257 571 1326 636 fala

525 683 663 766 Tristia,
685 681 817 766 signato
840 683 950 766 parles
973 683 1011 744 ul
1033 679 1138 744 limite
1160 678 1290 744 claudat

526 791 601 856 lure
623 789 696 874 pari
718 809 862 872 carmen,
884 785 1000 852 mediis
1022 789 1060 850 ul
1082 807 1227 852 consona
1248 787 1283 850 in
1305 785 1392 851 omni

527 897 578 963 Sit
599 899 679 961 nola
701 895 807 980 prima
829 896 880 960 sui
902 897 936 960 ei
958 894 1003 959 sit
1025 916 1101 978 pars
1125 894 1247 959 extima
1267 893 1351 976 talis,

528 1003 596 1070 Ceu
618 1002 724 1070 media
747 1025 765 1067 e
787 1001 915 1086 primis,
938 1022 1108 1067 occurrens
1131 1001 1239 1084 aplius
1261 999 1352 1082 islic3

529 1111 578 1176 Ac
600 1111 738 1175 laterum
760 1107 841 1174 fines
864 1111 898 1173 et
920 1129 1011 1192 pars,
1033 1129 1116 1194 quae
1138 1107 1255 1174 diuidit
1276 1128 1351 1171 orsa

528 1217 557 1283 E
581 1216 702 1300 medio,
724 1217 822 1298 capul
844 1235 916 1278 esse
939 1217 1038 1300 queat
1059 1235 1220 1299 uersuque
1242 1211 1369 1276 referre.

531 1323 721 1390 Sancte-lui
744 1321 829 1386 uatis
852 1319 974 1386 Caesar
995 1320 1148 1386 miserere
1172 1320 1318 1385 serenus!

531 1431 640 1514 Alme,
663 1429 752 1496 salus
775 1428 878 1514 orbis,
900 1427 1025 1494 Rcmse
1047 1427 1159 1510 decus,
1180 1426 1302 1511 inelyte
1323 1425 1421 1508 fama,

532 1539 579 1604 Re
599 1537 728 1620 melior,
749 1535 873 1618 pictate
895 1555 1029 1620 parens,
1052 1534 1093 1599 ad
1114 1532 1235 1598 Martia
1257 1533 1372 1615 uictor,

530 1643 709 1710 Miliornd
731 1641 875 1726 ueniam,
897 1641 1099 1726 permulcens
1123 1661 1239 1726 aspera
1259 1640 1369 1726 legum

530 1751 675 1836 lustitia,
699 1752 849 1814 aeternae
871 1748 958 1812 uires
982 1751 1015 1812 et
1036 1747 1142 1833 gloria
1164 1746 1272 1830 saecli,

533 1857 615 1942 Spes
637 1858 715 1923 dala
737 1856 834 1940 plena
856 1855 952 1920 bonis
976 1859 1010 1920 el
1031 1854 1110 1919 felix
1132 1854 1228 1938 copia
1249 1852 1356 1936 rebus,

532 1965 698 2032 Eximium
721 1963 869 2028 columen
891 1965 1038 2026 ueterum
1061 1961 1181 2026 uirtute
1204 1960 1339 2044 fideque,

533 2073 658 2156 Romae
681 2091 799 2156 magne
821 2090 954 2154 parens,
977 2068 1077 2132 ermis
1100 2067 1251 2132 ciuilibus
1274 2067 1370 2149 ulter,

533 2179 580 2245 Et
601 2177 719 2243 summi
741 2177 814 2242 lans
836 2179 932 2262 grata
952 2173 1020 2259 uei,
1043 2196 1134 2240 mens
1157 2174 1260 2258 clara,
1283 2191 1418 2255 superne

536 2286 645 2352 Rebus
668 2284 769 2348 misse
792 2284 896 2366 salus,
918 2303 976 2366 per
998 2285 1031 2346 le
1054 2303 1130 2366 pax,
1154 2281 1277 2364 optime
1299 2279 1419 2360 ductor,

535 2394 579 2459 at
601 2391 696 2457 bellis
720 2412 833 2456 secura
855 2389 961 2475 quies,
984 2392 1099 2454 sancta
1122 2388 1232 2453 omnis
1254 2408 1313 2472 per
1333 2388 1374 2449 te.

537 2499 622 2565 Solis
645 2498 717 2563 iura
740 2498 807 2562 suis
831 2497 990 2561 fidissima
1012 2496 1127 2561 dextra
1148 2495 1276 2560 maritis

536 2607 581 2673 Et
604 2605 723 2671 sociale
746 2606 859 2690 iugum
881 2603 1029 2688 praebet,
1052 2602 1216 2668 consortia
1237 2601 1333 2666 uitae.

537 2713 673 2797 Respice
697 2735 749 2778 me
770 2713 855 2777 falso
878 2711 917 2775 de
940 2711 1087 2796 crimine,
1109 2710 1247 2775 maxime
1269 2711 1383 2791 rector,

538 2819 652 2886 Exulis
675 2819 831 2884 afflictum
853 2839 972 2903 poena3
994 2839 1070 2882 nam
1093 2819 1200 2882 celera
1220 2837 1336 2882 censae

538 2925 634 2991 Nunc
657 2925 784 2991 obiecta
806 2925 887 2990 mihi
910 2924 1019 3007 nenia,
1041 2924 1227 2988 uenerabile
1250 2943 1376 3005 numen,

538 3032 642 3098 Vince
665 3033 722 3117 pia
744 3037 777 3097 el
799 3033 895 3098 solito
920 3052 1077 3115 superans
1100 3030 1215 3094 fatalia
1237 3033 1319 3094 nulu

542 3139 659 3206 Sancte
682 3139 731 3205 tui
754 3139 840 3205 uatis
864 3136 984 3204 Caesar
1006 3138 1157 3203 miserere
1181 3136 1327 3202 screnus!

860 3371 1126 3382 -———--——-

919 3530 976 3595 111.
1001 3529 1068 3612 [u]

545 3673 681 3757 Fingere
704 3671 870 3737 Musarum
893 3672 1065 3757 flagrarem
1087 3673 1220 3737 numine
1243 3653 1361 3753 uultus,

546 3778 641 3843 Alme
663 3800 779 3861 parcns
802 3778 902 3861 orbis,
924 3779 1067 3862 perfecta
1089 3779 1124 3844 in
1146 3777 1256 3842 munia
1278 3798 1383 3858 uersu,

547 3883 697 3968 Votaque
720 3885 748 3949 si
770 3884 855 3948 ratio
878 3906 945 3950 non
968 3885 1089 3950 abnuat
1112 3883 1225 3949 ordine
1246 3881 1381 3964 Phoebi,

549 3989 650 4053 Gesla
672 3994 805 4073 canunt,
829 4013 908 4074 quos
930 3989 1072 4055 Aonium
1095 3990 1254 4074 placabile
1276 4009 1401 4052 numen

549 4094 646 4159 Vatis
670 4100 756 4161 sorte
777 4095 843 4160 frui
865 4097 934 4179 dat,
956 4097 1048 4160 donis
1072 4097 1224 4160 carminis
1248 4117 1287 4160 ex
1308 4094 1371 4158 hoc

552 4197 732 4264 Sustollens
756 4203 789 4265 el
810 4221 908 4264 uersu
930 4201 1090 4286 instigans
1114 4224 1172 4267 ore
1195 4223 1320 4266 sonare.

552 4303 602 4366 Tu
625 4309 764 4369 mentem
786 4306 924 4388 inspiras
946 4307 1045 4390 ualis3
1068 4311 1104 4372 lu
1128 4308 1247 4392 gaudie
1270 4327 1396 4390 semper

552 4408 592 4471 In
614 4412 660 4491 le,
683 4413 807 4489 sancte,
829 4431 936 4476 uocas.
980 4416 1017 4476 lu
1040 4414 1145 4497 quiuis
1168 4414 1263 4479 docta
1285 4412 1447 4478 Camenae

553 4512 658 4576 Edere
680 4514 767 4578 dicta
789 4513 915 4600 fauens,
937 4521 973 4581 tu
995 4519 1099 4583 laetus
1122 4523 1199 4584 uota
1222 4519 1370 4600 secundar
1456 4577 1463 4588 .

555 4617 603 4682 Vl
624 4621 696 4683 rata
718 4621 796 4702 sint,
820 4621 924 4706 audis3
946 4626 1004 4687 lua
1026 4626 1113 4689 milis
1135 4629 1241 4691 rector
1263 4623 1394 4708 Olympi

557 4722 717 4809 Tempora
739 4727 1043 4812 praecipua-seruat
1064 4731 1183 4816 pietate
1207 4753 1326 4799 serena.
