3626 5676
625 439 630 448 ’
702 463 917 511 Puoonmvn.
1436 469 1474 514 xx

148 619 290 704 Porfyrii
313 620 408 686 huius
433 643 502 686 esse
526 606 704 706 existimes,
724 605 793 686 ⁸nisi
821 623 901 688 satis
925 623 1192 691 constetfalsum
1214 625 1305 690 illum
1329 624 1476 692 Seruium

150 727 305 812 quidquid
341 727 435 792 affert
471 729 690 811 exemplorum
722 729 853 813 proprio
886 730 1015 795 finxisse
1054 730 1205 816 periculo.
1268 731 1390 798 Maiore
1427 732 1476 796 illi

149 833 274 898 tribuas
298 833 366 897 iure
390 856 471 918 quae
494 835 731 918 reciprocorum
754 857 907 901 uersuum
933 820 1080 920 exempla
1108 839 1257 922 apposita
1278 863 1299 909 a
1321 837 1476 904 Diomede

151 944 183 1004 et
205 931 375 1006 Victorino
398 961 475 1026 pgg.
498 940 608 1024 515,ss
633 945 664 1005 et
686 942 783 1027 2561,
802 944 822 1006 2
846 943 998 1028 leguntur
1019 944 1055 1008 in
1078 944 1252 1029 appendice
1275 943 1370 1010 huius
1392 945 1476 1009 libri.

150 1046 228 1113 Non
250 1045 336 1111 enim
359 1045 453 1111 credo
477 1069 515 1144 ea
538 1046 671 1111 arbitrio
696 1048 979 1132 grammaticorum
1006 1050 1091 1114 ficta.
1136 1049 1181 1115 Et
1207 1051 1321 1115 talium
1348 1052 1476 1116 luruum

150 1175 217 1219 non
245 1145 281 1218 iri
309 1152 503 1238 panegyrico
535 1153 639 1218 solum
668 1153 709 1218 ad
737 1151 986 1220 Constantinum
1017 1157 1106 1239 dato,
1138 1157 1237 1222 etiarn
1267 1158 1348 1222 alias
1377 1156 1476 1238 fuisse

152 1259 344 1342 studiosum,
367 1259 404 1322 ut
422 1257 571 1342 epistula,
595 1259 633 1323 de
658 1281 721 1343 qua
743 1282 842 1344 supra
860 1261 939 1346 dixi,
962 1263 1010 1327 ita
1026 1263 1183 1346 probatur
1201 1263 1393 1349 anacyclicis
1412 1263 1477 1330 illis

151 1365 314 1448 uersibus,
336 1386 416 1449 quos
439 1364 474 1428 in
497 1365 580 1430 libro
601 1363 802 1432 Salmasiano
827 1371 935 1433 extare
961 1391 1059 1453 supra
1076 1371 1267 1456 memoraui,
1289 1392 1348 1435 nec
1371 1370 1477 1435 minus

152 1473 362 1556 carminibus,
386 1472 524 1556 quaein
545 1476 657 1538 nostra
680 1473 818 1538 editione
841 1474 993 1559 leguntur
1016 1477 1121 1542 media
1144 1477 1227 1541 inter
1249 1477 1479 1563 panegyricum

152 1583 184 1645 et
205 1580 289 1645 illos.
775 1580 778 1592 '

241 1703 386 1788 Denique
414 1705 571 1788 quaedam
599 1729 637 1770 ex
664 1707 905 1791 epigrammatis
929 1707 1070 1792 Porfyrii
1098 1707 1204 1772 adfert
1225 1706 1415 1792 Fulgentius
1443 1708 1477 1772 in
1525 1685 1527 1692 Ι

153 1811 355 1896 expositione
384 1811 600 1876 continentiae
624 1811 829 1897 Vergilianas
853 1816 886 1876 et
908 1813 943 1876 in
965 1813 1057 1878 libris
1080 1813 1332 1898 mythologioon.
1378 1811 1476 1896 Quae,
1545 1833 1548 1840 ·

106 1922 110 1928 ’
153 1921 215 1986 etsi
242 1919 335 1984 illum
363 1918 479 1984 dubiae
506 1917 607 1982 luisse
635 1916 710 1982 fidei
736 1917 901 1982 hominem
928 1922 1056 1984 constat
1082 1919 1257 2003 plerisque,
1288 1923 1399 1984 tamen
1429 1924 1481 1984 sat

152 2025 365 2110 probabiliter
388 2024 512 2090 auctori
535 2023 722 2108 panegyrici
742 2021 949 2089 Constantini
972 2025 1111 2090 adscribi
1135 2025 1238 2090 doctis
1263 2025 1437 2092 adsentior.

242 2149 460 2234 Panegyricus
484 2149 551 2222 eius
575 2169 672 2230 quam
694 2147 792 2210 fuerit
815 2147 939 2212 celeber
962 2150 1107 2213 exeuntis
1125 2151 1326 2233 temporibus
1345 2149 1481 2234 antiqui·

153 2257 246 2340 tatis,
269 2256 385 2340 quibus
410 2256 451 2320 ob
475 2255 634 2318 defectum
657 2253 810 2317 materiae
834 2255 970 2320 carmini
993 2260 1088 2340 aptae
1111 2255 1205 2320 ualde
1227 2256 1328 2321 fuisse
1352 2261 1483 2342 accepta

122 2345 127 2355 ¹
153 2364 294 2428 ludibria
318 2363 397 2428 artis
421 2363 667 2446 qualiacumque
696 2383 794 2443 supra
816 2363 1008 2446 memoraui,
1039 2362 1245 2446 Hieronymi,
1278 2365 1332 2446 qui
1355 2364 1482 2448 insigne

154 2472 247 2536 illum
275 2475 371 2536 uocat
398 2469 562 2552 uolumen,
594 2467 781 2532 testimonio
805 2467 965 2532 docemur.
1010 2467 1082 2533 Iam
1104 2473 1141 2533 ut
1162 2470 1350 2554 potissimos
1373 2470 1483 2534 huius-

154 2577 242 2644 modi
266 2599 462 2659 enumerem,
485 2574 680 2660 Porfyrium,
703 2578 740 2638 ut
762 2578 851 2659 puto,
874 2575 1020 2641 imitatus
1044 2576 1247 2660 acrostichis,
1270 2576 1484 2658 mesostichis,

155 2683 333 2750 telostichis
357 2683 546 2747 distinctum
570 2702 701 2744 carmen
724 2681 765 2745 ad
788 2680 988 2746 Hildericum
1006 2681 1228 2760 Vandalorum
1252 2703 1361 2768 regem
1385 2682 1485 2747 edidit

155 2790 247 2855 Felix
270 2786 373 2874 (anth.
396 2788 466 2854 Lat.
490 2788 526 2853 B.
549 2787 619 2872 111,
635 2787 692 2871 343
714 2785 757 2852 M.
781 2785 871 2874 291),
895 2787 933 2852 de
957 2811 1020 2873 quo
1043 2789 1140 2874 primi
1162 2811 1222 2854 nos
1246 2788 1439 2854 monuimus.

174 2979 177 2984 v
209 2911 213 2922 ,
246 2931 366 2997 Similis
391 2932 488 2996 etiam
511 2930 561 2994 illi
584 2930 732 2994 ludibriis
756 2929 836 2994 artis
859 2929 1056 3016 Venantius,
1086 2931 1176 2996 cuius
1198 2931 1251 2994 hic
1274 2931 1484 2997 memoranda

156 3040 302 3105 carmina
334 3040 372 3102 de
404 3037 571 3123 signaculo
603 3038 734 3101 sanctae
765 3043 868 3101 crucis
898 3041 931 3100 ct
961 3036 999 3101 de
1027 3042 1140 3104 sancta
1167 3059 1259 3102 cruce
1288 3059 1354 3103 nen
1378 3039 1485 3104 minus

156 3147 241 3234 quod
266 3147 306 3214 ad
329 3144 502 3230 Syagrium
517 3143 843 3229 Augustodunensem
867 3143 1053 3227 episcopum
1077 3143 1166 3209 dedit
1189 3143 1246 3229 (II,
1269 3145 1304 3228 43
1328 3145 1363 3228 53
1386 3144 1426 3229 V,
1442 3143 1486 3231 7).

158 3253 220 3330 Qui
243 3256 352 3317 tamen
375 3251 460 3335 quod
483 3271 551 3314 rem
576 3250 721 3333 exemplo
750 3247 911 3313 carentem
934 3271 1081 3333 promere
1105 3273 1139 3315 se
1163 3250 1319 3334 declarat,
1346 3251 1486 3337 Porfyrii

157 3359 388 3445 panegyricum
413 3361 469 3422 aut
491 3356 655 3442 ignorauit
678 3357 742 3440 aut,
766 3354 851 3438 quod
869 3355 974 3440 magis
994 3359 1044 3420 est
1061 3357 1239 3441 probabile,
1262 3357 1486 3422 dissimulauit.

245 3481 335 3548 Inter
358 3481 456 3546 medii
480 3481 551 3546 aeui
575 3481 687 3546 doctos
711 3479 862 3565 aequauit
881 3501 917 3544 ac
935 3502 1037 3564 paene
1056 3481 1190 3546 dixerim
1210 3483 1375 3565 superauit
1389 3482 1486 3566 Opta-

158 3591 240 3656 tiani
263 3589 465 3674 diligentiam
488 3567 683 3673 quamquam
706 3609 857 3652 uersuum
880 3592 949 3654 arte
968 3591 1071 3655 multo
1089 3589 1222 3654 inferior
1239 3589 1295 3652 illo
1313 3587 1487 3652 Hrabanus

158 3697 291 3762 Maurus
315 3695 509 3760 carminibus
538 3697 669 3759 sanctae
698 3693 801 3758 crucis
829 3694 917 3759 laudi
940 3695 1069 3780 dicatis,
1101 3717 1183 3780 quae
1206 3693 1327 3758 Sedulii
1351 3716 1388 3758 ac
1411 3693 1486 3758 Pro-

160 3804 246 3888 speri
273 3803 428 3887 exemplis
455 3803 569 3866 ductus
600 3801 699 3866 etiam
725 3800 869 3883 pedestri
896 3822 1043 3866 sermone
1071 3800 1328 3884 circumscripsit.
1373 3799 1412 3863 In
1435 3801 1486 3864 his

158 3913 331 3995 plerosque
354 3909 443 3974 lusus
462 3907 645 3972 litterarum
665 3907 784 3972 similes
798 3905 1009 3993 Porfyrianis,
1033 3930 1114 3993 quos
1138 3930 1172 3972 se
1196 3907 1286 3990 sequi
1308 3906 1487 3990 profitetur,

160 4038 333 4104 agnosces;
365 4037 425 4079 nco
456 4015 563 4078 minus
595 4013 708 4099 figuris
737 4013 819 4078 uarii
848 4013 976 4098 generis
1004 4015 1209 4080 interstincta
1236 4014 1390 4097 opuscula
1421 4013 1487 4096 illa,

161 4145 243 4209 quae
267 4143 370 4205 nuper
393 4119 648 4205 splendidissime
672 4119 771 4184 edidit
793 4119 963 4204 Adelphos
986 4120 1136 4185 Henzius.
1181 4119 1239 4185 Eis
1262 4119 1332 4201 ipse
1355 4118 1489 4184 Maurus

161 4229 284 4295 addidit
307 4227 548 4292 declarationes.
588 4223 661 4291 Hoc
685 4225 857 4309 aliquando
880 4226 915 4291 in
938 4225 1144 4296 bibliothecis
1167 4247 1240 4291 cum
1262 4224 1500 4311 Porphyriano·

160 4337 244 4401 libro
266 4335 412 4402 iunctum
434 4333 597 4400 inuenitur
618 4332 779 4397 uolumen.
839 4392 841 4396 ,

77 4503 82 4508 -
202 4427 208 4444 ¹
249 4459 422 4525 Praeterea
448 4458 483 4536 in
510 4457 617 4523 codice
644 4454 802 4521 Bernensi
829 4456 895 4522 212
922 4459 997 4540 post
1023 4456 1254 4540 panegyricum
1268 4453 1489 4522 ‘Constantini

160 4570 262 4635 habes
286 4565 431 4632 carmina
453 4563 601 4647 quadrati
624 4563 731 4629 forma
753 4566 786 4628 et
808 4563 1032 4647 multiplicatis
1056 4563 1257 4646 acrostichis,
1279 4561 1491 4643 mesostichis,

161 4672 341 4741 telostichis
368 4671 510 4756 insignia
531 4669 687 4753 ·Alcuini,
718 4667 850 4752 Iosephi
873 4669 999 4735 abbatis
1023 4668 1141 4753 Scotti,
1170 4667 1317 4734 'leudulfi
1340 4666 1491 4752 episcopi.

160 4781 286 4848 Eorum
308 4798 422 4843 uersus
444 4776 587 4844 initiales
610 4778 687 4842 sunt
708 4775 758 4840 hi:
973 4761 976 4767 ¹
1064 4809 1068 4816 ι
