3586 5678
401 800 446 865 Et
468 800 504 894 in
524 799 586 864 hae
609 799 731 884 pagina
753 798 894 864 tricenae
918 799 1033 882 quinae
1055 801 1183 866 litterae
1212 823 1270 885 per
1293 821 1405 866 omnes
1428 804 1540 884 partes
1565 804 1645 879 sunt,

310 909 345 972 in
373 929 437 991 qua
462 929 483 972 a
511 907 617 990 prima
643 905 753 970 littera
780 905 877 988 primi
903 928 1015 972 uersus
1044 929 1103 992 per
1129 907 1270 974 oblicum
1298 907 1426 972 rubrica
1449 907 1644 972 descendens

312 1037 414 1098 usque
438 1013 479 1078 ad
502 1013 731 1098 quadraturam
754 1010 894 1074 mediam
922 1015 955 1076 et
978 1013 1016 1077 de
1041 1013 1238 1098 quadratura
1259 1035 1317 1098 per
1341 1013 1483 1080 oblicum
1506 1015 1548 1078 ad
1571 1014 1643 1078 ulti-

313 1143 399 1186 mam
422 1120 519 1206 primi
541 1141 655 1185 uersus
680 1119 856 1186 ascendens
879 1119 959 1184 facit
981 1140 1110 1184 uersum

524 1281 701 1346 Ariconium
724 1281 874 1358 columen,
898 1280 953 1344 lue
974 1281 1061 1344 almo
1083 1285 1112 1345 ct
1130 1281 1233 1364 yterio
1256 1279 1382 1344 Romae.

400 1441 540 1506 Rursum
571 1442 611 1506 ab
640 1439 862 1506 acrostichidis
895 1441 993 1504 tertia
1023 1439 1147 1504 decima
1173 1439 1296 1524 littera,
1329 1463 1410 1524 quae
1438 1445 1488 1506 est
1513 1439 1556 1519 V,
1588 1463 1643 1524 per

314 1547 454 1612 oblicum
483 1549 659 1614 ascendens
688 1569 788 1632 usque
816 1547 857 1611 ad
884 1547 980 1632 primi
1003 1569 1116 1612 uersus
1139 1568 1240 1630 prope
1264 1546 1482 1630 medietatem,
1513 1551 1546 1610 et
1568 1546 1641 1612 inde

312 1676 371 1738 per
394 1655 535 1720 oblicum
553 1655 748 1721 descendens
768 1654 807 1720 ad
827 1654 1040 1720 telostichidis
1059 1654 1190 1719 tertiam
1210 1653 1366 1718 decimam
1385 1655 1539 1739 litteram,
1562 1677 1640 1738 quae

312 1765 362 1826 est
384 1761 400 1825 I
425 1765 499 1846 [·q·]
523 1762 603 1827 facit
625 1785 755 1828 uersum

530 1923 686 1988 Virtutum
709 1925 871 2005 specimen,
894 1923 979 1988 mitis
1001 1923 1161 1988 clementio
1183 1922 1301 1986 mundi.

400 2079 606 2148 Nouissimas
634 2087 743 2148 autem
771 2086 880 2166 partes
908 2083 1092 2148 orationum
1114 2082 1165 2146 his
1189 2081 1313 2146 duobus
1339 2081 1483 2146 uersibus
1508 2081 1641 2144 alternis
1701 2073 1705 2091 '

291 2190 466 2272 ,utraeque
491 2189 617 2273 utrique
640 2189 750 2254 uersui
773 2189 926 2254 seruiunt.
972 2187 1095 2253 Deinde
1123 2209 1181 2272 per
1205 2187 1449 2252 acrostichidem
1473 2211 1493 2252 a
1516 2192 1642 2271 quarta-

311 2295 436 2360 decima
463 2297 573 2384 littera
600 2318 718 2362 nouem
746 2297 873 2361 litterae
903 2296 943 2360 ad
966 2295 1123 2361 directum
1147 2295 1387 2378 descendentes,
1417 2297 1450 2357 et
1473 2299 1587 2359 contra
1611 2318 1641 2358 se

310 2401 383 2484 pari
407 2401 519 2467 ordine
542 2424 643 2486 prope
667 2403 700 2466 in
724 2401 829 2466 media
851 2401 971 2488 pagina
994 2401 1077 2466 aliae
1099 2423 1216 2466 nouem
1240 2401 1372 2466 etitem
1396 2402 1483 2464 ultra
1503 2402 1642 2465 mediam

312 2507 467 2594 paginam
494 2509 566 2592 puri
594 2508 705 2574 ordine
730 2508 814 2574 aliae
837 2531 954 2574 novem
978 2511 1011 2572 et
1033 2508 1112 2572 item
1135 2508 1169 2571 in
1191 2507 1393 2572 telestichide
1417 2507 1500 2572 aliae
1524 2529 1641 2572 nouem

311 2613 435 2679 faciunt
457 2637 587 2680 uersum

524 2775 725 2858 laetitiaeque
741 2793 871 2858 porcus,
894 2797 961 2858 spes
982 2761 1069 2856 felii,
1093 2777 1156 2840 otiu
1178 2797 1291 2840 rerum.

400 2935 540 3000 Rursum
563 2959 583 3000 a
601 2935 756 3001 uicesima
774 2937 872 3000 tertia
891 2937 1000 3000 littera
1019 2935 1242 3002 acrostichidis
1261 2935 1294 2999 id
1313 2933 1405 3000 esth
1424 2958 1482 3020 per
1501 2937 1641 3000 oblicum

313 3041 353 3106 ad
376 3042 524 3107 ultimum
548 3067 678 3109 uersum
701 3043 895 3108 descendens
919 3046 952 3106 et
974 3043 1049 3107 inde
1071 3043 1238 3128 paululum
1266 3042 1387 3106 directa
1410 3046 1443 3106 et
1466 3041 1641 3106 ascendens

314 3170 372 3232 per
394 3148 536 3214 oblicum
559 3150 600 3214 ad
623 3150 809 3215 vicesimam
832 3149 963 3214 tertiam
986 3148 1199 3215 telostichidis
1223 3149 1333 3213 littera
1355 3149 1436 3214 facit
1458 3171 1587 3213 uersum

523 3309 702 3374 Aetherium
725 3331 838 3375 monus
859 3311 947 3374 nobis
963 3331 1022 3392 per
1043 3309 1165 3374 soeculo
1187 3310 1324 3375 missum.

399 3467 482 3533 Item
506 3468 546 3533 ab
569 3469 683 3534 ultima
705 3470 814 3534 littera
837 3468 1060 3535 acrostichidis
1084 3469 1116 3533 id
1140 3473 1190 3533 est
1213 3470 1355 3553 aprima
1376 3469 1548 3532 nouissimi
1571 3492 1640 3532 uer-

311 3597 365 3638 sus
393 3597 450 3659 per
478 3575 616 3640 oblicum
643 3577 819 3642 ascendens
849 3577 889 3640 ad
912 3577 1050 3640 mediam
1073 3577 1303 3661 quadraturam
1340 3578 1373 3639 et
1403 3575 1572 3658 paululum
1595 3576 1638 3638 di·

234 3729 238 3734 -
309 3684 399 3746 recta
434 3684 466 3745 et
493 3703 551 3766 per
580 3681 721 3746 oblicum
754 3682 950 3746 descendens
973 3703 1075 3766 usque
1099 3682 1139 3746 ad
1163 3683 1310 3747 ultimam
1334 3681 1504 3748 nouissimi
1527 3705 1639 3746 uersus

310 3787 453 3852 litteram
476 3787 555 3852 facit
579 3809 708 3851 uersum

522 3947 717 4029 Rectorisquc
740 3949 788 4012 elci
804 3970 863 4030 per
887 3954 913 4012 tc
929 3949 1108 4030 proesentis
1125 3949 1228 4030 pollet.

399 4107 438 4170 ln
468 4108 529 4171 hac
558 4109 678 4193 pagina
708 4112 784 4172 sunt
811 4109 980 4194 hexagona
1007 4109 1078 4192 pari
1104 4132 1237 4175 numero
1266 4107 1447 4172 litterarum
1478 4112 1641 4193 quattuor,

310 4213 442 4298 trigona
474 4214 635 4296 isopleura
667 4216 735 4298 pari
767 4237 901 4280 numero
932 4215 1114 4280 litterarum
1143 4221 1230 4301 octo,
1263 4216 1454 4302 quadratum
1487 4217 1641 4300 medium,

311 4321 398 4384 omni
421 4324 514 4404 parte
538 4322 608 4404 pari
630 4343 763 4387 numero
788 4324 969 4387 litterarum
993 4345 1102 4386 unum.
