3626 5676
292 471 373 517 XIIII
857 471 1071 518 PROOEMIVM.

291 631 417 714 parium
448 585 526 696 fide*
548 631 798 715 inscriptionum
829 631 1017 695 testimonia
1049 631 1238 712 saepissime
1271 629 1502 696 confirmantur
1533 631 1620 696 libro

293 735 499 820 Porfyrian03
531 759 551 800 a
578 737 695 822 quibus
718 736 774 801 ubi
798 736 961 820 dissentit,
993 737 1179 801 timebimus
1202 736 1389 822 plerumque
1417 739 1486 802 eius
1514 741 1624 802 aucto-

276 843 425 911 ritatem
466 843 605 928 eleuare,
644 866 716 909 cum
751 845 784 907 et
817 843 878 908 has
912 843 1058 908 doctrina
1094 842 1232 906 multum
1265 845 1395 926 superet
1425 866 1485 908 nec
1516 845 1624 908 minus

294 951 401 1014 aetate
423 949 506 1016 illas.
1335 953 1337 958 ⁵

382 1092 457 1178 Ipse
470 1091 648 1176 Porfyrius,
670 1092 707 1154 ut
729 1089 866 1154 artificia
888 1112 1039 1154 uersuum
1063 1113 1194 1175 suorum
1217 1089 1350 1155 lecturis
1373 1091 1467 1174 plene
1491 1113 1624 1176 appare-

293 1202 379 1281 rent,
409 1203 537 1283 praeter
562 1196 798 1282 praefationem
825 1197 975 1262 carminis
1006 1197 1084 1262 XIX
1112 1197 1159 1261 ed.
1183 1196 1282 1280 Vels,
1311 1197 1407 1262 modo
1438 1199 1481 1263 sit
1513 1199 1626 1282 ipsius,

295 1304 375 1368 satis
394 1287 517 1387 habuit,
537 1303 629 1387 siqua
646 1302 767 1386 figuras
786 1304 941 1386 opuscula
958 1305 1246 1386 repraesentarent,
1266 1325 1320 1368 eas
1339 1325 1490 1368 uersuum
1509 1304 1623 1386 spatiis

295 1411 426 1494 aequari
449 1412 482 1474 et
500 1412 666 1492 praeterea
684 1407 784 1472 minio
803 1408 954 1492 insigniri
978 1408 1160 1472 acrosticha
1183 1412 1215 1472 et
1237 1409 1406 1474 telesticha
1429 1413 1462 1473 et
1483 1410 1625 1493 reliquos

296 1516 477 1579 litterarum
504 1515 603 1578 lusus.
650 1511 802 1577 Ceterum
827 1514 935 1578 extitit
960 1515 1015 1598 qui
1040 1514 1170 1578 scholiis
1195 1514 1384 1580 inlustraret
1410 1516 1479 1580 eius
1506 1515 1626 1579 librum

296 1622 377 1685 satis
400 1621 529 1706 quidem
552 1619 689 1684 dilucide
713 1623 747 1683 et
769 1621 949 1703 commode,
971 1621 1024 1685 hic
1046 1622 1112 1684 illic
1135 1625 1245 1685 tamen
1267 1623 1372 1686 minus
1396 1620 1502 1703 docte,
1525 1620 1626 1683 ueluti
1669 1605 1671 1608 ⁵

297 1749 370 1792 cum
393 1730 532 1791 metrum
552 1727 632 1790 illud
652 1725 817 1809 ‘princeps
835 1726 929 1790 beate
948 1728 1075 1810 placido
1095 1728 1154 1792 sub
1174 1750 1233 1792 axe
1251 1726 1418 1794 iamnunc'
1438 1749 1476 1791 ex
1495 1726 1626 1790 dimidio

297 1833 436 1898 iambico
461 1836 493 1896 et
516 1833 648 1897 dimidio
671 1831 836 1897 trochaico
860 1837 1007 1899 constare
1031 1833 1118 1898 dicit.
1161 1833 1336 1898 Hominem
1358 1834 1464 1904 fuisse,
1482 1833 1626 1898 christia-

298 1961 416 2005 norum
445 1939 519 2003 fidei
550 1939 822 2003 addictumsatis
853 1943 1003 2022 apparet3
1042 1962 1161 2007 nomen
1187 1941 1319 2024 perinde
1347 1942 1504 2006 incertum
1532 1931 1627 2024 quam

180 2114 182 2118 f
299 2048 398 2127 aetas,
420 2047 588 2110 attamen
612 2046 746 2108 exeunte
769 2045 961 2129 antiquitate
985 2068 1042 2110 seu
1064 2047 1149 2112 circa
1171 2049 1268 2113 medii
1292 2049 1364 2113 aeui
1391 2047 1484 2112 initia
1506 2047 1627 2110 uixisse

300 2146 373 2217 euni
396 2151 579 2216 coniectura
600 2151 764 2235 probabili
786 2151 953 2215 uideamur
976 2152 1131 2218 adserere.

388 2294 449 2358 His
490 2293 644 2378 expositis
686 2315 746 2380 age
786 2295 982 2390 disseramus
1023 2296 1061 2360 dc
1103 2296 1210 2361 codice
1252 2296 1427 2380 archetypo
1469 2297 1629 2362 librorum

300 2401 451 2486 Porfyrii.

288 2561 292 2568 ·
389 2543 494 2628 Igitur
518 2541 722 2630 carolingica
749 2547 855 2608 aetate
883 2545 918 2608 in
941 2543 1062 2628 Gallia,
1095 2565 1176 2628 quae
1204 2547 1361 2628 quantum
1388 2505 1629 2610 feeerit'medio

303 2675 383 2725 aeuo
408 2652 449 2716 ad
473 2652 579 2716 studia
601 2651 814 2716 humanitatis
839 2651 954 2715 alenda
976 2673 1014 2716 ec
1037 2651 1248 2715 sustentanda
1271 2651 1333 2715 dici
1357 2652 1412 2715 uix
1434 2653 1555 2734 potest,
1579 2673 1631 2714 ex-

300 2758 375 2848 titit¹
391 2757 474 2823 liber
497 2757 628 2842 quidam
651 2755 792 2840 Porfyrii
815 2754 955 2842 (integer
977 2757 1075 2821 fuerit
1098 2757 1266 2821 etiamtum
1291 2779 1333 2820 an
1356 2759 1523 2822 mutilatus
1543 2753 1630 2841 equiss

303 2865 376 2928 dem
398 2886 464 2928 non
487 2863 591 2928 ausim
615 2859 820 2947 discernere),
843 2863 897 2946 qui
921 2867 1048 2946 praeter
1070 2863 1301 2947 panegyricum
1325 2859 1534 2928 Constantini
1557 2884 1632 2927 con·
1744 2945 1746 2950 Ι

245 3046 247 3048 ,
303 2971 422 3034 tineret
445 2969 601 3055 quaedam
626 2967 768 3034 ciusdem
792 2969 931 3032 auctoris
956 2991 975 3032 a
999 2968 1125 3053 sylloge
1148 2969 1205 3032 illa
1228 2969 1345 3053 aliena,
1372 2970 1419 3033 ita
1442 2968 1570 3055 quidem
1594 2971 1633 3032 ut

307 3076 435 3160 singula
458 3077 602 3140 carmina
625 3076 765 3159 exceptis
789 3075 848 3159 eis,
876 3097 957 3160 quae
985 3076 1082 3140 nimis
1106 3078 1214 3140 essent
1237 3075 1375 3158 minuta,
1404 3097 1476 3140 cum
1500 3075 1632 3140 scholiis

304 3202 363 3245 nec
386 3181 493 3244 minus
524 3180 681 3262 epistulae
711 3179 852 3264 Porfyrii
876 3184 909 3246 et
932 3178 1140 3246 Constantini
1164 3181 1300 3264 singulis
1325 3185 1432 3246 essent
1454 3181 1651 3276 perscriptax

304 3285 450 3371 paginis,
492 3285 560 3350 siue
600 3307 722 3350 uacuae
763 3287 876 3352 relicta
918 3291 1010 3352 erant
1049 3291 1158 3372 partes
1200 3309 1331 3352 auersae
1369 3288 1436 3352 siue
1473 3291 1506 3350 et
1540 3289 1633 3370 ipsae

307 3391 472 3456 adhibitae
501 3414 520 3455 a
546 3392 689 3456 librario.
735 3390 885 3458 Ceterum
913 3393 951 3458 de
978 3393 1040 3458 hac
1069 3393 1187 3458 codicis
1212 3393 1378 3478 archetypi
1401 3394 1506 3458 forma
1534 3392 1633 3456 etiam

305 3501 469 3563 testantur
489 3497 618 3562 scholia.
655 3497 694 3561 In
713 3497 822 3564 codice
840 3501 899 3564 tali
918 3500 1033 3565 solutis
1053 3499 1151 3564 semel
1174 3502 1207 3562 et
1229 3499 1373 3564 confusis
1396 3497 1524 3583 paginis
1548 3497 1634 3582 quod

307 3624 444 3688 magnae
464 3608 539 3668 sunt
558 3607 688 3668 exortae
707 3604 828 3668 ordinis
846 3605 986 3690 legitimi
1003 3605 1127 3687 turbae,
1140 3605 1262 3670 nemini
1279 3605 1409 3670 hercule
1428 3604 1489 3668 erit
1507 3604 1635 3666 mirum.

307 3711 352 3774 Et
381 3709 521 3792 primum
551 3709 680 3794 quidem
709 3709 847 3774 inuersis
875 3733 991 3795 nempe
1019 3710 1142 3774 ultImis
1157 3710 1343 3775 uoluminis
1366 3709 1496 3794 paginis
1527 3709 1636 3772 euenit

307 3815 400 3898 illud,
423 3819 460 3879 ut
483 3817 626 3880 carmina
705 3900 709 3904 .

567 3979 669 4044 ardua
691 3983 875 4063 componam
893 3978 996 4062 felices
1018 3979 1159 4044 carmina
1181 3977 1294 4044 Macae

560 4105 666 4167 pauca
688 4089 810 4168 quidem
832 4089 927 4152 ceant
946 4087 1013 4167 fors
1034 4087 1154 4167 friuola
1202 4162 1205 4168 Ι

312 4242 347 4308 in
376 4241 473 4307 finem
503 4246 692 4340 panegyrici
721 4246 934 4331 deferrentur,
966 4246 1062 4310 simul
1095 4245 1229 4328 expulso
1259 4219 1310 4329 eo,
1343 4223 1428 4329 quod
1459 4243 1637 4328 antiquitus

311 4356 382 4416 erat
403 4352 449 4416 ibi
472 4353 664 4436 repositum:
943 4365 946 4372 ’

569 4495 649 4559 alme
672 4499 742 4561 taos
765 4496 874 4562 laceras
896 4500 981 4562 aetas
1003 4496 1140 4562 sustollet
1162 4497 1197 4560 ia
1218 4500 1327 4560 astra·
1372 4507 1374 4512 ’

339 4642 345 4649 ’
401 4653 452 4720 Ex
475 4654 651 4739 archetypo
674 4657 746 4740 tali,
768 4657 981 4742 mediocriter,
1004 4660 1041 4721 ut
1063 4656 1164 4740 uides,
1187 4618 1372 4740 deprauato,
1396 4654 1512 4736 duplex
1536 4672 1637 4737 genus

214 4793 215 4796 ¹
313 4767 420 4829 ortum
444 4765 494 4826 est
516 4761 669 4827 codicum.
