3626 5676
231 952 377 1024 Douma
402 955 658 1026 Gousrsur'mo
681 957 829 1029 Maxmo
853 963 917 1028 Pio
941 960 1090 1028 Iuvrcro
1114 980 1160 1026 nu
1184 959 1405 1038 Vnrnuamm

653 1086 792 1134 saurus
815 1069 993 1135 Avuvsro.

244 1206 371 1294 Fateor,
394 1209 521 1275 domine
545 1209 768 1296 Constantine,
791 1213 939 1297 maxiine,
961 1211 1081 1276 inuicte
1104 1214 1137 1276 et
1154 1233 1219 1277 non
1238 1213 1344 1278 minus
1363 1213 1484 1296 pietate

158 1323 255 1400 qua'm
282 1317 404 1382 uirtute
432 1317 618 1402 praecipue,
651 1320 799 1403 quamuis
829 1342 929 1384 auara
957 1319 1051 1403 atque
1079 1319 1165 1384 ultra
1192 1320 1342 1384 meritum
1370 1321 1486 1404 cupida

155 1423 329 1506 paruitatis
353 1446 443 1489 meac
466 1429 546 1490 uota
568 1424 784 1510 infatigabilis
809 1427 999 1490 clementiae
1022 1429 1097 1490 tuae
1116 1425 1305 1510 dignatione
1325 1430 1486 1511 superata,

156 1529 274 1615 quippe
298 1531 349 1594 cui
373 1531 453 1596 satis
472 1531 661 1617 abundeque
681 1533 851 1598 suffecerat
869 1555 999 1598 carmen
1017 1533 1103 1618 quod
1125 1533 1298 1597 artioribus
1317 1532 1484 1598 Musarum
1503 1548 1519 1595 a

155 1635 369 1721 inligaueram
399 1639 551 1722 uinculis,
583 1639 618 1703 in
647 1662 710 1725 quo
740 1641 814 1724 plus
844 1641 925 1704 mihi
956 1641 1099 1706 sincerae
1129 1639 1313 1704 deuotionis
1344 1639 1484 1714 studium

158 1765 255 1827 quum
278 1745 401 1838 ingenii
424 1747 488 1810 mei
511 1747 658 1830 paruitas
681 1748 857 1838 praestitit,
879 1748 914 1812 in
936 1751 1023 1832 tuas,
1047 1747 1276 1832 augustissime
1299 1747 1486 1830 imperator,

154 1872 268 1915 manus
298 1853 424 1917 uenisse
453 1853 617 1937 uictrices,
647 1854 818 1939 legendum
849 1855 970 1919 serenis
999 1854 1099 1918 oculis
1126 1853 1202 1916 tuis.
1235 1852 1285 1916 ·In
1312 1874 1375 1936 quo
1403 1851 1518 1916 mihia

154 1979 213 2040 pro
236 1955 399 2024 Heliconii
422 1960 554 2025 uerticis
577 1982 718 2045 nemore,
741 1983 799 2045 pro
819 1959 954 2028 Castalii
977 1960 1077 2026 fontis
1100 1959 1221 2023 haustu
1243 1958 1402 2042 uersifico,
1425 1979 1484 2042 pro

154 2062 320 2146 Apollinis
338 2066 410 2150 lyra
433 2071 466 2131 et
484 2067 652 2132 Musarum
676 2067 918 2132 concinentibus
942 2066 1050 2131 choris
1074 2065 1252 2149 ceterisque
1276 2086 1357 2151 quae
1380 2064 1485 2148 poetis

155 2193 226 2235 mos
251 2174 301 2236 est
324 2194 453 2238 carmen
475 2175 693 2260 pangentibus
716 2175 876 2261 inuocare,
899 2175 949 2239 tui
972 2173 1074 2239 diuini
1096 2173 1238 2236 numinis
1263 2175 1393 2237 aeterna
1415 2170 1485 2235 feli-

155 2277 237 2342 citas
269 2282 302 2342 et
332 2279 400 2344 eius
430 2281 640 2348 multiformis
671 2303 744 2347 cum
775 2305 833 2347 sua
860 2265 1070 2347 ueneratione
1098 2280 1258 2363 praelatio
1288 2278 1485 2345 incentiuum

156 2385 272 2448 cecinit
300 2385 341 2450 ad
369 2386 564 2472 audendum,
592 2391 625 2455 et
653 2388 693 2453 ad
722 2389 954 2474 expediendum
977 2388 1101 2472 pariter
1123 2386 1290 2472 ingenium
1313 2387 1430 2452 tribuit
1452 2389 1485 2450 et

154 2490 311 2556 effectum,
370 2492 536 2559 Romanae
568 2495 681 2562 Musae
714 2497 852 2561 antistes
884 2495 1006 2560 nobilis
1037 2492 1248 2582 Mantuanus,
1285 2515 1398 2558 serena
1428 2493 1519 2556 luxa

152 2601 264 2662 uatum
288 2602 321 2663 et
344 2599 416 2665 fons
441 2602 513 2684 puri
540 2603 683 2668 nectaris
706 2603 878 2688 fecundus,
901 2603 936 2667 in
958 2601 1097 2668 carmine
1122 2601 1244 2664 exultat
1268 2621 1305 2664 ac
1329 2622 1362 2664 se
1385 2599 1484 2684 pluri-

154 2726 242 2767 mum
265 2705 364 2770 iactat
383 2708 554 2773 etiterum
574 2731 611 2774 ac
631 2710 759 2794 saepius
774 2709 971 2776 Maecenatis
990 2707 1179 2773 testimonio
1198 2709 1366 2794 gloriatur.
1395 2706 1519 2783 ,Quina

153 2832 213 2896 ego
238 2813 357 2878 faciam
380 2800 469 2878 tenui
492 2837 615 2900 pauper
637 2817 778 2902 ingenio,
801 2817 909 2882 meriti
926 2816 990 2881 huc
1008 2837 1109 2900 usquc
1128 2813 1302 2900 perparui?
1327 2811 1519 2879 Caelestino

155 2917 266 2983 iudicii
294 2920 484 3005 dignatione
512 2921 695 2987 inmensum
723 2924 849 3008 pondus
877 2924 1055 3009 inpositum
1088 2924 1149 3005 est,
1181 2923 1249 2986 eius
1277 2920 1484 3007 imperatoris

152 3025 351 3112 testimonio,
374 3028 429 3112 qui
448 3028 533 3092 inter
552 3029 630 3092 belli
648 3029 801 3113 pacisque
819 3029 967 3112 uirtutes,
990 3029 1076 3094 inter
1093 3027 1277 3112 triumphos
1298 3031 1330 3094 et
1347 3029 1484 3111 laureas,

153 3131 238 3195 inter
265 3134 374 3219 legum
402 3135 587 3200 sanctiones
616 3139 650 3199 et
676 3135 747 3200 iura
775 3136 874 3200 etiam
892 3135 996 3200 Musis
1024 3134 1085 3198 tibi
1108 3133 1324 3200 familiaribus
1347 3135 1485 3219 plaudis,

152 3243 190 3304 ut
212 3240 296 3304 inter
318 3245 370 3306 tot
393 3241 521 3307 diuinae
545 3242 727 3307 maiestatis
751 3243 907 3327 insignia,
938 3243 1054 3326 quibus
1083 3244 1116 3305 et
1138 3241 1278 3306 inuictus
1303 3263 1429 3326 semper
1452 3245 1485 3306 et

151 3346 277 3430 primus
302 3370 346 3432 es,
369 3338 464 3414 huius
488 3350 587 3414 etiam
612 3349 711 3414 studii
734 3349 769 3413 in
791 3353 823 3413 te
846 3341 945 3414 micet
964 3347 1115 3432 splendor
1134 3348 1292 3434 egregius.
1321 3348 1483 3413 Nimirum
1503 3363 1518 3412 7

153 3473 250 3538 agere
270 3455 393 3540 gratias
413 3455 548 3540 audebo,
572 3457 661 3520 cuius
683 3455 774 3519 exilis
795 3477 959 3520 sermone
978 3477 1037 3540 pro
1056 3454 1199 3519 minimis
1218 3455 1346 3540 quidem
1365 3456 1483 3520 referre

153 3559 250 3644 digne
272 3561 379 3643 possit
402 3565 435 3625 et
457 3563 508 3626 cari
529 3566 581 3646 tu,
608 3561 661 3646 pie
685 3562 875 3646 imperator,
898 3565 992 3626 tanta
1015 3562 1231 3646 praestiteris,
1254 3563 1291 3626 ut
1312 3561 1399 3628 istud
1423 3583 1482 3645 pro

129 3667 332 3732 benefactis
355 3669 420 3732 tuis
443 3691 484 3733 ne
508 3691 527 3732 a
550 3668 789 3733 facundissimis
813 3669 942 3752 quidem
969 3669 1075 3753 possit
1097 3667 1246 3752 impleri?
1291 3668 1422 3733 Etenim
1446 3667 1516 3750 si,8

151 3773 200 3837 ita
226 3778 263 3838 ut
291 3775 490 3858 sapientibus
519 3775 654 3859 placuit,
686 3775 824 3839 maxime
848 3776 1038 3858 imperator,
1072 3775 1273 3839 aestimanda
1295 3777 1384 3856 sunt,
1416 3795 1483 3838 non

151 3882 351 3946 numeranda
374 3882 501 3966 iudicia,
525 3883 579 3967 qui
602 3882 786 3947 huiusmodi
809 3883 1031 3948 testimonium
1051 3884 1240 3946 consecutus
1260 3903 1330 3944 sum
1350 3880 1481 3964 pietatis

151 3990 228 4053 tuae
251 3989 440 4078 dignatione
460 3990 599 4074 caelesti,
622 3991 687 4054 iam
705 3989 782 4054 lieet
799 3988 933 4060 Parnasi
952 3990 1030 4074 iuga
1046 4008 1178 4053 securus
1201 3986 1363 4072 ingrediar
1386 3990 1418 4053 et
1441 3987 1482 4052 ab

151 4094 232 4179 ipsis
255 4093 355 4160 Aonii
378 4095 509 4161 uerticis
533 4095 640 4180 adytis
664 4096 817 4160 deducere
841 4095 976 4161 audeam
999 4094 1123 4178 Musas,
1149 4097 1254 4177 tutuS,
1281 4113 1482 4179 quacumque

151 4222 244 4265 mens
267 4201 329 4265 ibit
352 4201 387 4265 in
411 4203 565 4287 carmina,
589 4207 622 4267 et
640 4203 750 4268 diuina
768 4203 959 4268 iudiciorum
977 4206 1108 4266 tuorum
1127 4201 1320 4266 auctoritate
1340 4201 1483 4266 munitus

151 4291 312 4393 atque'in
339 4330 413 4372 mea
440 4309 664 4375 blandimenta
690 4311 765 4394 plus
793 4311 940 4376 credulus
968 4311 1119 4375 uniuerso
1147 4329 1198 4372 me
1226 4308 1296 4373 orbi
1322 4308 1482 4391 placuisse

150 4413 353 4499 contendam,
377 4415 432 4500 qui
455 4417 583 4500 placere
606 4417 699 4501 potui
722 4417 822 4482 totius
847 4417 935 4483 orbis
958 4415 1156 4500 imperatori.
1192 4413 1338 4500 Denique
1362 4418 1517 4500 oratus,9

151 4523 381 4608 augustissime
404 4523 542 4608 domine,
565 4524 743 4589 temeritati
766 4545 855 4588 meae
879 4523 920 4588 da
944 4515 1072 4588 ueniant
1096 4525 1128 4587 et
1152 4543 1233 4605 quae
1250 4543 1336 4586 nunc
1355 4543 1482 4606 quoque

148 4629 281 4715 pietatis
309 4633 386 4694 tuae
413 4630 524 4696 fauore
553 4653 650 4696 ausus
679 4653 750 4696 sum
778 4630 926 4695 uersibus
956 4630 1107 4716 inligare,
1138 4629 1309 4715 dignanter
1333 4627 1481 4696 admitte:

152 4736 304 4804 audaciae
327 4758 417 4804 meae
440 4737 586 4806 fomitem
611 4737 814 4804 auctoritatis
837 4741 913 4803 tuae
937 4738 1107 4804 clementia
1130 4737 1309 4804 suscitauit.

684 4935 949 4948 ι-ιι--ι-ιι-ι-υυ-ἠ

1233 4965 1269 5025 1*
