3626 5676
865 633 870 644 '
909 653 948 718 v.
973 651 1070 736 pru]

536 833 652 898 Victor
675 832 806 897 sidereis
829 831 956 916 pollens
979 830 1154 895 uirtutibus
1176 831 1249 914 ibis,

537 939 666 1005 Persica
689 961 762 1004 cum
783 937 870 1003 natis
893 935 987 1002 Latio
1011 935 1150 1002 confinia
1171 935 1317 1020 reddens,

538 1047 608 1110 Iam
630 1043 698 1110 Nili
720 1043 884 1128 princeps!
906 1042 1015 1127 laetis,
1039 1040 1171 1106 Oriente
1194 1047 1333 1128 recepto,

539 1152 626 1228 Quos
649 1152 709 1216 tibi
732 1150 797 1215 fida
820 1151 907 1214 dicat
929 1148 1117 1232 concordia,
1140 1147 1231 1212 diues
1254 1147 1333 1214 Eois

537 1258 607 1322 Iam
629 1257 758 1342 populis
781 1255 911 1321 Parthis
934 1255 1037 1320 Medis
1061 1254 1179 1339 unique
1203 1254 1318 1320 dicatis

539 1365 688 1449 Augusto
712 1367 745 1430 et
767 1364 866 1448 natis,
889 1367 925 1428 tu
948 1383 1068 1448 magna
1091 1362 1132 1426 ad
1155 1361 1288 1447 gaudis,
1310 1366 1421 1428 sancte

539 1463 872 1556 Constantine,'fauel
896 1475 929 1536 te
952 1473 1039 1536 torto
1062 1491 1103 1534 en
1126 1470 1266 1534 carmine
1288 1468 1383 1534 Musa

538 1579 583 1643 Et
605 1583 663 1644 tua
685 1579 847 1663 discriptis
870 1579 977 1664 pingit
999 1577 1149 1642 uicennia
1172 1577 1293 1642 metris.

538 1684 585 1750 At
606 1688 643 1750 tu
667 1683 879 1770 supplicibus,
903 1684 980 1749 olim
1004 1683 1068 1748 dux
1090 1684 1197 1749 clarus
1221 1685 1255 1748 iu
1279 1683 1387 1769 armis,

538 1790 591 1856 Da
613 1792 734 1876 pietate
757 1790 866 1855 fidem!
890 1791 994 1856 maior
1016 1812 1092 1856 mox
1115 1790 1221 1876 gloria
1242 1790 1412 1874 honorum,

542 1897 576 1964 si
598 1901 686 1962 tutos
710 1919 840 1962 seruare
865 1919 963 1982 queas
986 1899 1062 1980 post
1083 1899 1162 1962 uota
1184 1898 1335 1982 tropaeis.

539 2004 675 2070 Parcere
697 2004 762 2068 iam
785 2004 886 2068 uersis
910 2005 1015 2068 uirtus
1038 2004 1206 2068 denuntiat
1228 2003 1323 2068 alma.
1349 2069 1354 2078 ,

539 2110 652 2196 Indus,
675 2110 780 2195 Arsps
803 2110 868 2175 iam
892 2115 970 2176 uota
992 2110 1101 2175 ferunt
1124 2113 1157 2176 et
1179 2109 1288 2175 Media
1311 2108 1411 2194 diues,

541 2217 717 2300 Aethiopes
741 2218 850 2304 gnari,
871 2217 984 2302 rapido
1008 2238 1081 2283 cum
1104 2217 1227 2282 lumine
1250 2218 1356 2302 surgit

406 2368 409 2374 ·
541 2323 686 2408 Tethyos
710 2345 748 2388 ex
772 2325 895 2410 gremio
919 2324 1024 2400 Titan.
1048 2322 1104 2388 sed
1128 2325 1161 2388 et
1184 2324 1294 2388 omnia
1317 2325 1403 2389 laeta
1638 2340 1652 2387 5

542 2429 753 2496 Constantine
776 2431 863 2497 bono
886 2452 971 2496 nunc
994 2430 1108 2496 ludent
1130 2429 1199 2494 otia
1222 2429 1337 2496 saeclo.

541 2537 632 2602 Felix
654 2535 761 2623 Musa,
783 2539 849 2603 tuis
872 2537 979 2622 possit
1002 2559 1084 2623 quae
1107 2537 1206 2622 digna
1228 2537 1347 2602 referre

541 2643 688 2709 Praemia
710 2646 868 2710 uirtutum
890 2644 1015 2710 meritis
1038 2644 1090 2710 uel
1113 2666 1191 2710 uoce
1216 2646 1345 2710 sonaret

416 2815 421 2834 ,
542 2750 639 2835 Qud,
662 2773 760 2837 uaga,
783 2751 908 2816 Pierios
931 2773 1045 2815 uersus
1069 2749 1129 2815 sub
1153 2751 1249 2815 uallis
1274 2775 1374 2836 opaca

541 2856 618 2922 Ilice
642 2858 820 2942 conponis?
843 2859 934 2923 lauro
958 2857 1034 2943 quid
1058 2857 1201 2922 carmina
1224 2858 1339 2941 carpis,

450 3039 453 3045 ,
544 2963 688 3030 Castali?
712 2987 749 3031 os
771 2968 842 3030 tota
864 2965 1039 3049 respondet
1060 2987 1139 3030 uoce
1161 2964 1353 3049 triumphos,

544 3072 648 3148 Quam
671 3073 728 3138 dat
749 3073 839 3138 fonte
863 3095 937 3138 suo
977 3069 1084 3137 Clario
1107 3074 1144 3136 tu
1167 3072 1312 3138 carmina
1333 3093 1445 3157 prome

543 3179 627 3244 Vate
651 3179 711 3244 deo
734 3181 845 3266 digua:
870 3184 926 3244 aut
949 3178 1062 3263 siquod
1085 3177 1226 3262 perferet
1249 3179 1393 3264 audens,

544 3286 649 3351 Maius
674 3309 755 3371 opus
778 3291 923 3371 pectene,
946 3309 1037 3352 mens
1061 3289 1133 3351 tota
1156 3287 1240 3352 mole
1265 3285 1397 3352 subibit.

545 3390 607 3475 Spe
630 3392 744 3477 pinget
766 3415 907 3477 carmen,
929 3396 1052 3478 pangat
1076 3393 1104 3457 si
1127 3395 1242 3476 coepta
1265 3391 1415 3477 Camena,

545 3498 714 3590 Compleat
737 3502 770 3563 et
791 3521 887 3564 uersu
910 3499 1037 3564 uariata
1060 3498 1213 3563 decennia
1237 3499 1332 3582 picto,
1435 3546 1437 3548 -
1541 3571 1544 3578 ‚

546 3606 608 3670 Ore
633 3606 773 3670 secunda
795 3627 932 3689 uouens,
955 3605 1014 3669 sub
1039 3609 1126 3670 certo
1150 3605 1253 3669 limite
1276 3607 1381 3671 metri.

546 3713 620 3778 Otia
644 3711 837 3778 Caesaribus
860 3713 949 3796 pacis
973 3712 1073 3794 dedit,
1097 3734 1194 3776 aurea
1218 3712 1324 3776 saecla

545 3820 721 3906 Indulgens
745 3821 830 3884 natis
853 3819 978 3904 patriae
1002 3819 1133 3902 pietatis
1156 3819 1289 3903 honore,

544 3927 635 3992 Mitis
659 3927 727 3991 iure
751 3927 837 3991 deus.
874 3925 930 3990 sed
953 3924 1059 4008 Crispi
1081 3926 1116 3989 in
1139 3926 1237 3992 fortia
1259 3927 1344 3991 uires

546 4034 622 4100 Non
645 4034 760 4098 dubiae
784 4033 855 4119 ripa
878 4032 1029 4096 Rhenum
1052 4032 1310 4118 Rhodanumque
1333 4034 1418 4098 tueri

545 4141 706 4206 Vlteriore
729 4143 847 4224 parant
870 4143 902 4204 et
923 4139 1056 4204 Francis
1079 4140 1187 4205 tristia
1209 4141 1289 4206 iura

546 4247 616 4311 Iam
639 4253 688 4331 tu,
712 4249 823 4312 sancte
846 4268 939 4330 puer,
963 4269 1035 4330 spes
1058 4250 1171 4311 tantae
1194 4247 1255 4322 rite
1278 4246 1378 4330 quieti

546 4353 648 4418 Missa
670 4355 744 4436 polo
769 4353 892 4417 saeclis.
921 4353 963 4417 da
987 4351 1202 4418 Constantine
1227 4376 1339 4418 serena

548 4461 707 4545 Tempora
731 4461 867 4525 summe!
896 4459 949 4542 pio
973 4459 1132 4524 tricennia
1156 4461 1281 4545 suscipe
1307 4465 1391 4526 uoto.

866 4693 1131 4705 Μ
