3626 5676
729 506 944 553 PROOEMIVM.
1416 509 1495 554 VIIII

206 687 213 692 ·
259 665 427 742 Quantum
455 666 496 730 ad
524 666 680 749 epistulas
703 664 843 749 Porfyrii
871 664 1148 751 eroonstantini,
1178 667 1374 752 praemissas
1403 689 1501 750 pane-

174 773 300 858 gyrico,
324 794 404 855 quas
426 771 489 836 fuit
513 773 568 856 qui
591 775 723 837 uocaret
745 772 780 835 in
803 772 1029 857 suspitionem,
1056 795 1123 838 11011
1146 775 1240 840 credo
1260 775 1305 838 ab
1328 772 1501 857 interpola-

172 882 241 944 tore
266 901 335 944 esse
358 873 466 963 fictas,
491 882 567 943 sunt
589 882 676 943 certe
700 878 908 962 dignissimae
932 881 1060 945 saeculo
1077 879 1291 966 Constantini,
1315 881 1356 945 ab
1380 880 1501 965 simpli·
1630 901 1633 908 ’

172 986 269 1050 citato
292 988 330 1048 ut
352 983 511 1049 sentiendi
532 985 580 1049 ita
603 984 729 1048 dicendi
747 985 963 1050 remotissimo
986 986 1056 1070 illc,
1085 991 1117 1050 et
1144 987 1179 1050 in
1207 1009 1270 1070 quo
1293 986 1446 1051 Eumenii
1469 990 1501 1050 et

171 1090 303 1156 Nazarii
321 1091 464 1156 floruere.
502 1089 596 1166 Quod
613 1093 726 1156 contra
744 1095 880 1175 apparet
896 1113 963 1156 non
981 1095 1067 1156 recte
1086 1093 1159 1157 illas
1177 1093 1344 1176 praemitti
1363 1093 1393 1157 ei
1411 1093 1501 1158 uolu-

172 1198 252 1263 mini
274 1197 454 1262 carminum
477 1219 539 1281 quo
563 1199 623 1262 sub
646 1197 829 1264 uicennalia
848 1195 1054 1262 Constantini
1076 1199 1290 1282 imperatoris·
1304 1199 1390 1265 edito
1414 1199 1501 1264 exilii

172 1304 302 1369 ueniam
319 1301 487 1388 Porfyrius
511 1307 543 1368 et
565 1304 696 1388 rogauit
719 1307 751 1368 et
774 1297 970 1387 impetrauit.
1006 1303 1115 1370 Nimis
1135 1307 1254 1390 quippe
1272 1305 1357 1370 foret
1374 1291 1501 1383 minim,

174 1412 201 1476 si
224 1411 284 1475 hac
304 1411 414 1475 essent
432 1410 571 1494 scriptae
591 1411 768 1494 occasione,
792 1410 826 1475 in
843 1413 960 1475 neutra
979 1414 1035 1475 aut
1051 1433 1175 1494 poenae
1193 1413 1293 1478 initae
1312 1412 1500 1495 demptaeue
1628 1407 1631 1411 ’

174 1521 230 1583 aut
249 1517 470 1582 uicennalium
492 1517 621 1581 illorum
644 1519 697 1581 uel
720 1518 889 1582 minimum
912 1539 1068 1602 apparere
1091 1519 1275 1604 uestigium.
1312 1517 1398 1583 Nam
1417 1516 1502 1601 quod

174 1624 377 1696 clementiam
400 1622 605 1689 Constantini
629 1627 661 1687 et
684 1624 800 1688 merita
822 1624 857 1687 in
880 1646 913 1688 se
936 1623 1037 1688 iactat
1058 1621 1241 1707 Porfyrius,
1265 1627 1398 1708 apparet
1420 1623 1502 1689 nihil

174 1729 310 1795 indicari
336 1729 401 1793 nisi
436 1730 581 1794 fauorem
612 1727 759 1794 Caesaris
797 1751 854 1814 per
890 1750 1018 1794 carmen
1048 1733 1145 1794 antea
1178 1733 1317 1813 partum.
1370 1729 1504 1794 Accedit

175 1836 260 1922 quod
287 1837 321 1900 in
349 1835 489 1919 epistula
517 1837 614 1900 semel
642 1839 738 1901 antea
755 1836 912 1900 oblatum
940 1857 959 1899 a
988 1857 1021 1899 se
1046 1833 1177 1900 Caesari
1206 1857 1336 1901 carmen
1359 1836 1505 1901 artificiis

174 1943 301 2028 insigne
324 1942 424 2007 refert
448 1941 627 2026 Porfyrius,
658 1945 771 2006 contra
794 1943 827 2006 in
851 1939 998 2004 distichis
1021 1943 1219 2025 panegyrico
1249 1943 1337 2007 exilii
1359 1946 1505 2026 tempore

175 2050 294 2134 scripto
323 2049 509 2132 praemissis
537 2070 571 2112 se
599 2049 693 2133 plura
722 2048 762 2113 ad
793 2070 866 2112 eum
890 2047 1015 2112 dedisse
1039 2047 1246 2113 demonstrat.
1291 2049 1405 2132 Neque
1433 2069 1506 2132 pro-

176 2156 284 2221 babile
315 2158 365 2219 est
396 2153 648 2228 Constantinum
681 2175 768 2238 eum,
801 2176 895 2239 quem
926 2153 1022 2218 modo
1056 2153 1152 2219 exilio
1188 2156 1342 2240 leuasset,
1378 2155 1506 2220 honori-

175 2261 384 2328 ficentissima
416 2261 538 2345 pariter
570 2264 665 2344 atque
698 2260 922 2324 amantissima
953 2259 1065 2323 fratris
1099 2260 1257 2326 carissimi
1287 2261 1505 2346 appellatione

174 2369 275 2433 fuisse
304 2369 520 2453 dignaturum.
572 2367 686 2450 Itaque
716 2368 761 2432 sic
790 2367 996 2431 statuendum
1025 2367 1187 2431 existimo:
1219 2366 1405 2452 Porfyrium
1433 2389 1506 2431 cum

174 2476 313 2560 primum
337 2496 467 2539 carmen
490 2474 679 2558 artioribus,
703 2478 739 2538 ut
762 2475 831 2558 ipse
855 2474 913 2558 ait,
937 2473 1104 2539 Musarum
1127 2474 1264 2538 uinculis
1287 2474 1449 2560 illigatum
1473 2475 1507 2538 in

174 2583 331 2648 honorem
355 2581 537 2665 scripsisset
560 2580 720 2664 Caesaris,
744 2581 917 2665 excitatum
940 2578 1035 2646 huius
1057 2579 1206 2645 laudibus
1229 2583 1335 2645 totum
1354 2581 1507 2647 uolumen

177 2689 356 2754 carminum
387 2687 491 2751 uariis
519 2687 718 2772 argumentis
752 2687 970 2753 constantium
1007 2689 1039 2750 et
1076 2685 1266 2752 difficultate
1298 2688 1507 2752 artificiorum

175 2795 352 2880 insignium
376 2795 406 2858 ei
429 2793 602 2876 dedicasse,
623 2794 757 2877 ¹eiusque
780 2795 828 2858 rei
846 2792 1027 2876 praemium
1049 2793 1164 2858 tulisse
1187 2794 1393 2878 imperatoris
1416 2794 1506 2858 illam

176 2902 359 2986 epistulam.
419 2899 511 2976 Quod
549 2899 677 2983 quidem
714 2901 823 2964 euenit
858 2885 970 2984 utique
1006 2900 1093 2972 uicto
1126 2900 1251 2965 Licinio
1257 2951 1266 2984 ,
1302 2903 1378 2984 post
1414 2900 1505 2966 cuius

176 3009 299 3074 cladem
326 3005 446 3072 Inuicti
475 3025 653 3090 cognomen
681 3006 862 3090 adsumpsit
890 3004 1133 3071 Constantinus.
1179 3007 1268 3071 Idem
1298 3029 1371 3072 cum
1399 3005 1508 3070 ederet

176 3117 341 3199 uolumen,
369 3113 454 3199 quod
477 3116 593 3195 exstat,
616 3113 667 3176 cui
691 3112 797 3180 aliena
820 3135 840 3177 a
862 3113 1074 3196 panegyrico,
1100 3112 1322 3177 uicennalibus
1349 3112 1507 3179 Constan-

176 3222 237 3286 tini
265 3221 389 3302 oblat0,
422 3219 532 3284 addita
564 3222 640 3282 sunt
673 3219 842 3302 opuscula,
874 3219 1030 3302 epistulas
1064 3223 1096 3282 et
1124 3241 1215 3283 suam
1244 3222 1277 3283 et
1304 3219 1508 3303 imperatoris

95 3397 97 3404 ¹
177 3327 305 3392 uidetur
341 3325 496 3389 adiecisse
533 3325 632 3407 libro,
671 3327 708 3388 ut
742 3323 984 3389 commendaret
1019 3346 1100 3408 opus
1136 3325 1323 3409 aequalibus
1360 3329 1392 3389 et
1427 3324 1508 3388 ludi-

177 3432 321 3497 briorum
354 3451 447 3495 usum
478 3430 615 3494 nimium
648 3431 839 3495 auctoritate
872 3430 1068 3512 adprobaret
1100 3429 1256 3510 Caesaris.
1312 3429 1435 3497 Contra
1468 3431 1508 3494 ad

178 3539 284 3604 solum
306 3537 538 3623 panegyricum
561 3537 784 3603 uicennalibus
807 3537 903 3601 huius
927 3537 1070 3600 dicatum
1094 3540 1219 3620 spectat
1241 3537 1399 3621 praefatio
1419 3537 1508 3601 disti

177 3645 247 3710 ohis
271 3645 464 3729 conscripta.

267 3749 416 3815 Ceterum
441 3749 469 3813 si
491 3752 577 3814 recte
597 3753 738 3814 statuere
758 3751 853 3834 docti,
876 3750 910 3814 id
933 3749 1019 3833 quod
1042 3749 1122 3814 mihi
1145 3750 1272 3814 uidetur
1293 3751 1348 3814 uix
1367 3749 1508 3833 dubium,

178 3857 264 3922 hunc
282 3856 388 3940 ipsum
407 3877 477 3921 esse
496 3855 673 3920 Publilium
693 3855 913 3941 Optatianum,
937 3879 1031 3941 quem
1049 3855 1285 3938 praefecturam
1304 3855 1393 3920 urbis
1414 3856 1507 3920 annis

178 3965 242 4028 329
268 3966 300 4027 et
322 3963 386 4027 333
410 3962 563 4047 gessisse,
593 3963 649 4027 sed
676 3984 742 4027 11011
764 3962 852 4027 ultra
874 3984 1000 4027 menses
1025 3962 1184 4047 singulos,
1212 3963 1344 4046 scimus,
1372 3966 1508 4046 apparet

177 4073 309 4154 pectam
331 4090 398 4134 non
420 4069 516 4133 modo
540 4069 728 4132 restitutum
751 4069 785 4132 in
804 4069 978 4152 pristinum
996 4067 1153 4133 honorem
1172 4091 1192 4132 a
1206 4068 1429 4152 Constantino,
1453 4068 1509 4133 sed

177 4178 287 4261 paullo
315 4179 392 4260 post
420 4175 517 4239 etiam
545 4178 736 4259 prouectum
766 4175 934 4260 dignitate.
979 4172 1092 4258 Neque
1121 4173 1278 4238 dissimile
1302 4177 1351 4240 est
1374 4174 1443 4238 ueri
1468 4176 1508 4238 ab

177 4285 241 4349 hoc
269 4305 371 4369 genus
399 4281 513 4348 ducere
535 4281 753 4367 Porphyrium
780 4283 885 4365 illum,
918 4302 1012 4364 quem
1035 4279 1167 4344 Africae
1195 4282 1422 4364 proconsulem
1450 4282 1510 4345 sub

179 4390 327 4455 Honorio
350 4389 450 4454 fuisse
474 4392 610 4455 constat.
646 4387 863 4452 Familiariter
886 4387 1008 4450 cultum
1032 4390 1164 4470 aposta
1186 4387 1327 4452 Bassum
1350 4387 1509 4472 quendam

179 4496 380 4562 demonstrat
403 4517 531 4561 carmen
553 4495 633 4560 illud
656 4495 771 4579 ‘pauca
792 4494 920 4579 quidem
939 4493 1040 4556 cecini
1058 4493 1126 4557 fors
1144 4494 1271 4559 friuola.
1307 4494 1358 4558 his
1382 4517 1509 4579 quoque

157 4601 338 4687 'iungam'.
385 4601 486 4678 Quem
510 4602 625 4667 uolunt
647 4601 739 4666 illum
762 4600 914 4693 Bassum,
937 4598 992 4683 qui
1016 4620 1101 4663 anno
1123 4601 1186 4664 311
1212 4600 1323 4664 consul
1347 4601 1510 4682 suffectus,

180 4709 252 4778 313,
268 4709 451 4793 praefectus
474 4709 637 4792 praetorio
661 4707 733 4791 fuit,
757 4707 825 4770 siue
849 4725 931 4790 eum,
955 4705 1009 4789 qui
1028 4705 1141 4770 consul
1159 4706 1222 4770 fuit
1240 4727 1326 4770 anno
1346 4707 1420 4791 331,
1444 4707 1508 4771 327

178 4814 360 4899 praefectus
392 4815 570 4900 praetorio,
607 4835 704 4899 quem
738 4811 851 4877 deinde
886 4812 1014 4896 saepius
1048 4811 1183 4877 iterauit
1216 4810 1382 4877 honorem.
1446 4811 1509 4895 Illi,
