3586 5678
428 1045 468 1112 In
498 1046 559 1112 hac
589 1046 710 1134 pagina
736 1046 873 1134 triginta
901 1045 1042 1134 quinque
1069 1047 1197 1112 litterae
1224 1069 1282 1132 per
1309 1068 1419 1114 omnes
1447 1051 1559 1132 partes
1584 1053 1667 1114 sunt.

334 1154 373 1220 In
397 1177 462 1240 qua
484 1177 505 1220 a
528 1155 633 1239 prima
655 1155 766 1220 littera
788 1155 886 1240 primi
905 1177 1017 1218 uersus
1037 1152 1078 1218 ad
1096 1154 1243 1219 ultimam
1262 1155 1432 1220 nouissimi
1456 1156 1586 1220 rubrica
1608 1179 1668 1239 per

334 1261 476 1326 oblicum
499 1261 695 1326 descendens
719 1261 819 1326 habat
843 1261 1018 1356 scriptum⁸

547 1421 747 1488 Constantine
769 1423 904 1488 arranimc
925 1423 1091 1506 imperator
1113 1429 1143 1488 et
1166 1425 1255 1504 [om]
1279 1425 1396 1488 invicte.

420 1581 503 1647 Item
528 1605 548 1647 a
570 1584 676 1667 prima
698 1583 805 1648 ultimi
827 1604 940 1648 uersus
963 1605 1020 1667 per
1044 1583 1186 1648 oblicum
1210 1583 1339 1648 rubrica
1362 1584 1537 1648 ascendens
1560 1607 1664 1668 usque

332 1689 373 1754 ad
396 1689 546 1754 ultimam
569 1691 666 1774 primi
689 1712 802 1756 uersus
826 1690 967 1776 adaeque
990 1691 1089 1754 habet
1113 1692 1268 1776 scriptum

545 1851 698 1916 Aeternoe
713 1852 805 1934 pacis
821 1853 1114 1934 prouidenttssimns
1136 1857 1241 1918 custos.

328 2035 331 2042 ·
422 2011 450 2076 A
481 2011 620 2096 septima
647 2011 745 2096 primi
773 2034 886 2076 uersus
911 2011 951 2076 ad
975 2011 1147 2096 septimam
1169 2034 1190 2076 o
1213 2013 1276 2076 fine
1300 2011 1443 2076 eiusdem
1465 2033 1578 2076 uersus
1601 2033 1660 2094 per

334 2117 527 2181 anrlractum
550 2117 746 2184 descendens
770 2122 803 2184 et
826 2118 1001 2184 ascendens
1026 2116 1066 2206 [a.
1091 2123 1124 2184 et
1147 2119 1189 2200 d.]
1213 2119 1312 2182 habet
1335 2117 1491 2202 scriptum

544 2277 640 2344 Pater
662 2280 810 2362 imperas,
833 2301 913 2346 nnus
935 2281 1072 2363 imperes.

418 2436 500 2502 Item
524 2461 544 2504 a
568 2439 707 2524 septima
729 2440 835 2504 ultimi
858 2463 971 2506 uersus
995 2439 1036 2506 ad
1059 2440 1231 2524 septimam
1254 2462 1274 2504 a
1296 2439 1359 2504 fine
1383 2439 1525 2504 eiusdem
1548 2461 1658 2504 uersus

330 2544 393 2610 boc
411 2545 495 2609 idem
514 2544 622 2608 habet.
660 2545 689 2610 A
709 2545 806 2610 tertia
824 2546 947 2612 decima
966 2546 1063 2630 primi
1081 2568 1194 2610 uersus
1214 2545 1260 2622 ad,
1275 2547 1335 2627 [in]
1355 2547 1485 2610 tertiam
1503 2546 1658 2610 decimam

329 2674 348 2715 a
371 2651 435 2716 fine
458 2650 601 2715 eiusdem
625 2674 752 2735 uersus,
775 2652 876 2717 habet
898 2653 1053 2738 scriptum

541 2811 621 2877 Pins
643 2817 672 2877 et
691 2813 777 2894 felin.

416 2972 615 3037 Eademt
563 2975 615 3038 rat
616 2973 689 3038 ione
712 2973 778 3037 et
768 2995 802 3037 m
825 2973 884 3038 ult
860 2977 940 3038 tsmo
964 2996 1061 3039 uersu
1084 2974 1146 3039 hoc
1169 2974 1253 3040 idem
1277 2975 1432 3060 scriptum
1456 2963 1515 3038 est.
1492 2973 1586 3038 tA
1610 2996 1656 3038 se·

326 3079 431 3163 ptima
464 3079 687 3144 acrostichidis
721 3081 761 3146 ad
794 3080 854 3161 [in]
889 3083 961 3164 sept
962 3081 1060 3145 imam
1089 3084 1175 3166 [sept
1176 3082 1254 3162 ima]
1288 3103 1308 3145 a
1339 3081 1402 3146 fine
1435 3080 1656 3145 acrostichidis

326 3186 427 3250 habet
412 3185 607 3269 tscriptum

540 3345 641 3412 Annei
662 3347 777 3446 sescnti
798 3353 997 3414 restaurator.

414 3506 497 3570 eItm
517 3506 719 3590 [identidem]
743 3531 763 3572 a
786 3511 859 3592 sept
860 3509 925 3574 ima
947 3509 1043 3574 telest
1044 3508 1158 3573 ichidis
1186 3508 1227 3573 ad
1250 3507 1421 3592 septimam
1444 3530 1464 3571 a
1486 3506 1550 3570 fine
1573 3507 1653 3570 eius-

325 3613 397 3677 dem
425 3613 506 3677 teles
508 3611 639 3677 tichidis
667 3614 730 3679 hoc
758 3613 845 3678 idem
872 3614 972 3679 habet
1000 3616 1166 3700 scriptum
1212 3612 1345 3678 ΑΧΙΙ]
1369 3616 1477 3679 acrost
1462 3613 1591 3734 tichidis
1615 3615 1653 3677 ad

326 3721 385 3800 [in]
410 3719 492 3784 XIII
516 3743 535 3784 a
558 3721 621 3784 fine
645 3720 787 3786 eiusdem
812 3721 1035 3787 acrostichidis
1057 3722 1146 3786 habet
1134 3723 1314 3803 tscrn'ptnnc

539 3880 654 3946 Omnia
676 3902 816 3964 nnnpnns.

412 4039 496 4105 Item
521 4040 723 4122 [identidem]
747 4063 767 4104 a
789 4041 1013 4106 tertiadecima
1035 4040 1248 4106 telestichidis
1272 4043 1312 4106 ad
1338 4043 1398 4122 [in]
1418 4043 1552 4106 tertiam
1576 4043 1652 4106 deci-

323 4168 410 4210 mam
434 4169 455 4210 o
477 4149 539 4229 fine
562 4147 706 4212 eiusdem
729 4147 943 4212 telestichidis
969 4149 1032 4214 hoc
1056 4148 1156 4212 habet
1180 4150 1347 4232 scriptum.
