3626 5676
879 637 952 704 VII.
976 637 1123 720 [xxm]

552 815 737 902 Angustum
760 816 936 901 specimen,
959 817 1047 882 mitia
1072 817 1257 901 clementia,
1281 837 1397 902 magne

551 922 754 988 Ausonidum
777 923 900 1006 ductor,
922 925 993 1008 tua,
1017 923 1169 1008 maxime,
1191 922 1291 988 fortia
1313 921 1425 988 Musae

553 1027 715 1095 Castaliae
738 1030 777 1096 de
800 1030 891 1096 fonte
913 1033 1041 1097 canunt.
1077 1035 1114 1096 tu
1136 1052 1271 1096 munera
1295 1053 1422 1096 summa

552 1135 714 1204 Votorum
737 1137 791 1222 da,
813 1136 957 1222 Phoebe,
980 1138 1061 1203 mihi
1083 1159 1179 1217 nuno,
1201 1137 1301 1222 plena
1322 1135 1456 1222 fauoris,

550 1241 603 1308 Da
624 1245 765 1308 mentem
788 1265 964 1328 sensusque
987 1244 1059 1330 pios
1083 1244 1210 1330 insigne
1234 1265 1364 1308 serenus

552 1348 744 1434 Imperium,
765 1351 916 1436 natisque
938 1353 1071 1436 potens,
1094 1351 1135 1430 ad
1157 1349 1277 1415 martia
1299 1350 1385 1435 felix,

550 1454 744 1541 Perpetuum
766 1457 889 1542 saeclis,
911 1457 1000 1541 picto
1024 1457 1084 1522 sub
1108 1457 1251 1522 carmine
1274 1455 1347 1522 fari.

550 1561 746 1648 Audentem,
768 1586 892 1650 precor,
914 1565 984 1650 ipse
1007 1564 1085 1630 iuna
1107 1585 1172 1648 mc,
1195 1563 1301 1650 gloria
1324 1565 1446 1646 uatum,

520 1669 721 1736 -Dicturum
744 1692 885 1756 carmen,
907 1670 1055 1756 quamuis
1076 1691 1162 1736 nunc
1185 1670 1280 1754 copia
1301 1668 1414 1734 Musae

553 1775 629 1843 Non
652 1777 728 1842 talis
752 1778 919 1862 possitque
942 1778 1050 1843 minus
1074 1778 1133 1844 sub
1156 1769 1229 1862 lege'
1252 1776 1366 1859 iuuari,

551 1884 656 1948 Versu
679 1885 765 1949 aliud
788 1885 880 1970 limo,
903 1885 1001 1970 alind,
1026 1907 1089 1969 quo
1111 1885 1233 1970 pagina
1255 1885 1289 1948 in
1313 1883 1417 1949 omnis

551 1987 706 2076 Signatur
728 1991 888 2076 modulos,
911 1992 1074 2057 discernat
1096 1991 1213 2056 semita
1236 1990 1335 2056 fandi.

552 2095 645 2162 Velle
668 2098 758 2163 iubet
779 2120 911 2182 numen,
933 2099 988 2162 lux
1012 2099 1109 2164 ulma!
1134 2103 1167 2164 et
1188 2097 1308 2184 gaudia
1331 2096 1443 2162 mundi

551 2203 742 2289 instituunt,
766 2205 912 2290 sequitur
935 2227 1029 2270 curas
1052 2205 1086 2270 in
1109 2205 1231 2270 musica
1254 2203 1325 2270 Clio

550 2309 760 2396 Virtutcsque
783 2315 856 2376 tuas
880 2315 914 2376 et
936 2333 1042 2394 mores
1065 2311 1207 2396 pandere
1229 2310 1339 2396 gestit,

551 2415 682 2501 Sancte,
704 2421 792 2502 tu0s3
815 2417 919 2483 creuit
940 2421 1071 2484 nostrae
1094 2417 1210 2482 fiducia
1233 2417 1342 2482 menti.

551 2523 597 2588 Te
621 2523 701 2590 duce
723 2545 862 2608 namque
884 2525 939 2610 pio
963 2525 1107 2611 gaudens
1131 2524 1190 2589 sub
1214 2545 1346 2588 munere
1368 2525 1447 2589 nota

550 2631 589 2696 In
611 2631 688 2717 iuga
710 2631 845 2697 festinat
867 2630 984 2716 Musis,
1007 2631 1063 2696 ubi
1085 2631 1219 2697 frondea
1243 2651 1370 2714 semper

550 2736 650 2802 Tecta
673 2742 794 2802 canunt
816 2740 902 2803 artes
926 2741 959 2802 et
981 2741 1079 2802 notae
1101 2737 1232 2802 uatibus
1256 2737 1369 2802 undae.

476 2857 480 2860 “
548 2843 730 2909 Indomitos
754 2864 847 2928 reges
871 2866 928 2908 seu
950 2844 1039 2928 pacis
1061 2845 1186 2910 lubrica
1207 2845 1315 2933 uictor

550 2949 618 3015 Aut
640 2949 726 3016 bello
751 2953 897 3016 sternens
922 2954 980 3016 aut
1001 2951 1090 3016 mitis
1113 2950 1255 3038 foedere,
1276 2954 1358 3018 nutu

548 3055 632 3122 Esse
655 3060 730 3122 tuos
753 3057 835 3122 facis
860 3078 1021 3144 agrosque
1045 3079 1193 3124 exercere
1216 3062 1355 3125 tuorum.

477 3175 482 3188 “
549 3161 686 3228 Auctior
709 3164 794 3228 alma
817 3163 868 3228 dei
891 3186 950 3248 per
971 3168 1004 3228 te
1028 3165 1212 3250 praesentia
1235 3166 1390 3231 mundum

548 3268 718 3353 Respexit,
740 3269 876 3336 reddens
899 3293 976 3336 mox
999 3294 1097 3338 aurea
1120 3273 1249 3338 saecula
1272 3271 1377 3355 rebus,

551 3375 760 3460 Ostenditque
783 3377 861 3443 deus
885 3378 1020 3444 rectoris
1043 3383 1192 3462 tempora
1215 3379 1294 3444 iusti

549 3481 707 3550 Aetherio
729 3486 824 3566 nutu,
847 3484 983 3568 placidis
1007 3485 1176 3550 clementia
1199 3485 1304 3549 iussis.
1339 3545 1341 3550 ,
1434 3539 1435 3542 ,

548 3590 611 3654 Per
633 3592 666 3656 te
688 3613 809 3676 perque
828 3594 904 3658 'tuos
928 3594 1005 3656 sunt
1028 3590 1136 3656 omnia
1159 3590 1264 3676 mitia,
1287 3591 1403 3676 uictor,

549 3694 668 3780 Natos,
690 3719 742 3764 res
765 3698 876 3783 populi
898 3697 1015 3762 florent
1037 3697 1078 3761 ad
1101 3697 1220 3783 gaudia
1242 3698 1380 3764 mentis.¹

551 3803 808 3888 Caesaribusque
830 3804 896 3869 tuis
919 3806 990 3868 toto
1013 3804 1152 3868 uictoria
1174 3804 1209 3868 in
1232 3805 1310 3869 orbe

550 3911 684 3994 Semper
706 3911 775 3975 iure
799 3933 906 3976 comes
929 3911 1009 3976 felix
1032 3911 1066 3974 in
1091 3913 1219 3978 saecula
1241 3913 1349 3996 pollet.
1392 3911 1394 3916 ’

445 4065 451 4075 .
549 4017 729 4082 Tantorum
752 4017 867 4082 merita
891 4020 1014 4082 statues
1038 4019 1167 4102 captiua
1189 4022 1333 4103 tropaea,

548 4125 663 4189 Victor
686 4123 866 4190 Sarmatiae
889 4125 1021 4190 totiens!
1045 4147 1098 4208 en,
1121 4125 1239 4210 accipe,
1262 4126 1346 4190 clare

549 4231 683 4317 Ductor,
706 4230 823 4316 ubique
846 4231 910 4296 tuis
933 4234 1085 4296 uotorum
1107 4230 1233 4296 reddita
1255 4230 1333 4296 felix

548 4337 679 4402 Debita!
702 4338 768 4402 iem
791 4358 911 4421 conpos
936 4336 1055 4422 gaudet
1076 4339 1134 4402 tua
1156 4337 1295 4404 Romula
1317 4338 1426 4422 pubes.

549 4443 669 4509 Rector
691 4444 752 4510 rite
776 4467 853 4510 suus
877 4443 972 4510 nobis
995 4465 1053 4528 per
1076 4445 1205 4510 saecula
1226 4444 1328 4510 floret
