3626 5676
717 647 781 748 'a
806 681 919 765 [xxi]
960 767 963 772 ¹

381 858 527 945 Calliope
552 883 630 926 eane
653 861 749 944 plura.
771 862 905 944 procax!
929 883 969 924 en
993 883 1048 926 ore
1073 881 1203 925 serenus

379 967 494 1033 Fontis
509 967 655 1033 'Castalii
679 967 756 1032 deus
780 966 898 1030 audiet.
944 966 1018 1031 inde
1042 989 1178 1032 canoros

379 1073 472 1138 Mens
496 1074 577 1139 furit
599 1075 634 1138 in
656 1095 771 1154 nexus,
795 1077 828 1137 et
851 1073 931 1137 felix
955 1095 1081 1138 currere
1104 1073 1191 1138 uotis

379 1179 451 1245 Iam
475 1203 508 1245 se
532 1181 641 1244 eredes
664 1203 774 1245 ouans.
819 1179 901 1244 libet
923 1181 970 1279 ire
993 1203 1052 1264 per
1075 1181 1149 1245 auia
1172 1180 1242 1244 sola

382 1287 522 1372 Impeie‚
544 1309 607 1370 quo
632 1309 762 1372 gressus
786 1287 905 1352 effandi
930 1290 1045 1370 optata
1068 1287 1183 1371 cupido

379 1393 524 1458 Inuitata
546 1395 632 1459 sulit,
678 1417 769 1459 mens
792 1397 934 1478 tantum,
956 1394 1096 1458 maxime
1120 1391 1248 1478 Caesar,

380 1497 506 1566 Aoniae
529 1500 632 1567 nodos
657 1501 870 1585 amplectitur.
907 1501 1026 1566 incitus
1050 1500 1165 1566 aethra

380 1605 506 1694 Funde,
529 1611 636 1691 pater,
661 1608 784 1692 coeptis
807 1607 930 1672 Musas!
955 1607 996 1671 ad
1018 1611 1131 1672 mutua
1153 1630 1287 1672 uersus·

380 1709 523 1797 Surupea
545 1714 723 1799 fingentem
745 1715 814 1778 iam
837 1714 918 1779 duro
942 1714 1085 1778 earmina
1107 1735 1205 1780 uersu

380 1817 505 1885 Ludere
527 1819 577 1884 fas
600 1821 710 1904 nobis,
733 1823 950 1904 praesumere!
974 1819 1078 1886 dicere
1102 1824 1217 1906 mei-ra,

380 1925 506 1991 Gaudia
529 1929 581 1992 uel
604 1928 694 2022 tpnui
717 1950 789 1992 mea
813 1927 955 2012 pandere
980 1928 1024 1992 sit
1045 1928 1140 2011 mihi,
1162 1928 1270 1993 Musa!

380 2033 503 2098 Tantus
527 2033 633 2099 honor
655 2057 706 2099 me
729 2035 798 2099 iure
823 2056 881 2099 suo
905 2057 963 2118 per
987 2034 1094 2099 sidera
1117 2035 1233 2119 saeclo,

379 2139 406 2204 0
430 2139 526 2206 decus
548 2139 729 2226 Ausoniae,
750 2141 877 2206 tulerit!
902 2141 948 2206 sie
970 2163 1073 2226 parua
1094 2142 1203 2206 loonio

378 2247 527 2331 Amplius
552 2270 605 2331 en,
629 2248 725 2313 iudex
748 2247 912 2331 dominus,
934 2249 985 2312 tot
1008 2269 1143 2313 munera
1166 2269 1294 2312 summa
1317 2313 1320 2320 ,

381 2353 547 2438 Tantaque
572 2355 728 2420 concedis.
773 2358 810 2419 tu
833 2357 974 2420 mentem
998 2353 1102 2418 disere
1125 2353 1219 2419 donis

381 2458 507 2525 Inuitas
531 2461 637 2526 laudis
661 2484 732 2526 eum
756 2483 895 2526 munere.
942 2461 988 2525 sic
1010 2481 1096 2545 uaga
1117 2461 1252 2544 primus,

378 2567 469 2631 Haut
493 2568 603 2631 audita
625 2567 724 2652 ligas3
746 2589 805 2631 nee
828 2567 924 2632 dietis
947 2567 1036 2632 laesa
1059 2565 1202 2631 Camena

381 2675 490 2738 Audet
512 2675 718 2760 magnanimo
741 2675 811 2738 uati
834 2696 921 2748 noua
944 2673 1212 2738 simulamentis

378 2779 471 2845 Iussa
494 2779 570 2844 dare
595 2780 761 2864 euenitque
773 2801 856 2844 meo
880 2782 1030 2864 correpta
1052 2777 1173 2845 fauore.

378 2887 431 2951 En
455 2890 529 2973 age!
553 2883 618 2952 iarn
641 2885 746 2951 reddit
767 2888 853 2952 uenis
876 2887 933 2972 pia
954 2888 1100 2970 praemia
1123 2888 1273 2972 magnus!

354 2993 539 3086 xConcordi
562 2995 667 3058 saeclo
691 2993 814 3059 Romae
838 2994 933 3059 decus
957 2999 990 3059 et
1014 2995 1077 3058 sibi
1100 2993 1211 3057 mundi

378 3099 453 3166 Iura
477 3102 539 3185 sui,
562 3104 613 3167 tot
635 3101 691 3165 lux
714 3102 843 3185 populis
869 3102 1002 3186 orbique
1025 3105 1195 3185 tropaeum

380 3205 432 3272 Sic
456 3208 532 3272 data
555 3210 639 3272 sunt.
684 3208 749 3272 isto
773 3209 877 3273 maior
899 3211 956 3272 tua
978 3200 1084 3293 ¹gloria
1105 3205 1211 3271 terris.

378 3311 441 3377 En!
467 3314 627 3398 Auguste,
650 3313 715 3377 tuis
738 3334 893 3396 praesens
916 3316 949 3376 et
971 3315 1083 3378 tantus
1105 3311 1235 3398 ubique,

380 3419 530 3503 imperiis
554 3418 688 3484 fecunde
695 3471 703 3504 ‚
726 3441 820 3504 paras
843 3443 928 3485 nunc
951 3420 1057 3485 omine
1081 3417 1190 3503 Crispi

380 3526 500 3592 Oceani
522 3528 662 3592 intactas
685 3549 773 3611 oras,
797 3528 913 3611 quibus
937 3530 1028 3592 eruia
1050 3526 1167 3591 Franci

379 3634 446 3698 Dat
468 3634 558 3719 regio
581 3635 694 3718 procul
718 3656 790 3700 ecee
814 3634 922 3719 deum,
945 3635 996 3698 cui
1020 3635 1113 3699 deuia
1136 3635 1212 3698 latis

380 3741 464 3806 Tota
486 3745 601 3825 patent
623 3743 754 3826 campis.
800 3745 837 3806 ut
860 3764 953 3806 caeso
977 3742 1081 3806 limite
1103 3741 1208 3805 uiator

380 3848 455 3912 Rite
480 3851 577 3912 atauo
602 3871 727 3914 summo
751 3849 878 3914 melior!
903 3849 955 3913 eui
978 3846 1132 3914 Claudius
1157 3869 1239 3931 eser,

378 3953 627 4040 Magnanimum
647 3956 748 4041 sidus,
771 3955 827 4020 dat
850 3956 972 4021 clarum
996 3976 1013 4019 e
1035 3955 1166 4020 numine
1190 3953 1264 4017 diuo

379 4061 569 4148 Imperium,
592 4062 706 4128 Virius
730 4085 824 4147 quem
848 4063 925 4126 felix
948 4066 1042 4146 optat
1064 4063 1238 4126 alumnum.

380 4170 490 4255 Auges
513 4169 591 4236 flore
616 4173 671 4234 tuo
694 4173 825 4234 nostrae
849 4170 909 4234 tibi
933 4169 1043 4234 debita
1065 4169 1162 4247 uitae,

380 4275 460 4340 Oria
483 4276 582 4341 misai
603 4274 742 4340 frairum
765 4277 875 4341 faialis
899 4276 1005 4361 gloria
1029 4277 1145 4361 saecla,

378 4383 444 4448 Res
467 4384 563 4448 Latia
585 4386 622 4448 ui
644 4384 713 4448 uoti
737 4405 868 4468 compos
893 4384 939 4448 sic
963 4384 1103 4468 gaudeat
1125 4385 1230 4448 aucta.

380 4491 512 4575 Aspice!
535 4493 653 4576 pacato
676 4495 772 4574 paria
795 4493 845 4554 esi
867 4490 922 4554 lux
945 4490 1031 4554 laeta
1054 4490 1113 4555 sub
1138 4490 1225 4557 orbe.

699 4723 963 4738 --·—·—··-···1-·—-——-—-=
