3626 5676
741 497 957 546 PROOEMIVM.
1451 501 1518 546 XIII

274 655 347 742 Ego
371 679 421 720 me
446 679 465 720 a
488 657 646 722 iudicibus
669 660 737 720 tam
761 656 1133 745 seueris'quadamtenus
1153 657 1321 722 dissentire
1338 679 1405 722 non
1423 677 1516 742 nego.

186 761 316 826 Etenim
339 763 436 828 modo
464 785 506 826 ne
529 763 658 827 illorum
681 762 895 827 accedendum
917 765 1010 847 putea
1038 763 1196 846 insaniae,
1229 764 1283 848 qui
1305 765 1399 847 parui
1423 768 1520 850 atque

186 868 265 934 adeo
302 869 423 933 nullius
457 890 526 932 esse
558 869 714 933 momenti
751 869 938 933 existimant
968 890 1121 935 uersuum
1154 892 1264 934 curam
1301 870 1335 933 in
1366 871 1518 957 carmIne,

184 973 351 1038 fatendum
375 976 499 1039 nullum
523 975 666 1038 ext'tisse
690 977 863 1054 auctorem,
886 975 941 1058 qui
959 976 1029 1059 pari
1049 977 1205 1040 sermonis
1223 977 1322 1060 patrii
1345 999 1382 1041 ac
1405 977 1517 1044 modu-

186 1079 290 1143 lorum
313 1081 421 1164 poesis
444 1080 662 1166 legitimorum
684 1080 800 1164 peritia
823 1080 1053 1166 diligentiaque
1077 1081 1260 1147 excelluerit
1283 1104 1320 1146 ac
1339 1075 1516 1167 Porfyrius.

186 1185 397 1250 Admiramur
428 1185 708 1270 dithyramborum
740 1186 908 1250 audaciam
941 1189 973 1251 et
1005 1188 1127 1252 solutos
1159 1189 1231 1272 lege
1262 1179 1426 1254 numeros:
1456 1191 1518 1254 erit

187 1293 284 1356 etiam
305 1278 371 1356 loci
384 1292 544 1376 ¹quiddam
567 1293 614 1357 ita
637 1293 799 1356 adstrictis
805 1343 814 1377 ,
842 1296 878 1356 ut
904 1315 945 1357 ne
973 1294 1124 1358 minimus
1153 1295 1281 1379 quidem
1308 1296 1399 1360 locus
1423 1297 1517 1360 datus

186 1398 230 1461 sit
247 1397 405 1462 licentiae.
446 1397 559 1481 Itaque
582 1397 723 1482 Porfyrii
750 1399 906 1482 carmina,
934 1400 1011 1464 licet
1037 1400 1203 1484 principiis
1233 1404 1319 1466 stent
1347 1401 1516 1484 peruersis,

185 1525 254 1568 non
271 1508 423 1588 poterunt
441 1505 531 1569 nulla
553 1504 647 1568 laude
670 1505 772 1570 uideri
790 1505 897 1590 digna.
935 1501 1084 1568 Ceterum
1108 1507 1184 1590 quid
1207 1507 1288 1570 mihi
1310 1506 1516 1572 iudicandum

185 1591 350 1674 uideretur
382 1611 421 1675 de
453 1611 525 1674 istis
558 1612 623 1674 iam
657 1633 754 1695 supra
786 1611 1012 1677 demonstraui.
1050 1611 1210 1695 ‘Reperiri
1241 1614 1276 1677 in
1308 1613 1353 1676 eis
1385 1616 1518 1696 propter

185 1715 411 1793 difficultatem
435 1718 541 1800 operis
564 1717 650 1781 haud
673 1718 720 1782 ita
742 1741 845 1803 pauca
868 1719 991 1783 absona
1013 1719 1064 1782 uel
1083 1719 1220 1783 obscura
1239 1723 1336 1804 atque
1355 1719 1517 1802 intricata,

185 1826 222 1886 ut
245 1823 423 1888 coniectare
447 1825 552 1908 magis
570 1825 692 1908 possis,
717 1825 794 1910 quid
813 1825 877 1890 sibi
895 1825 1047 1908 uoluerit,
1072 1848 1168 1908 quam
1187 1826 1417 1910 demonstrare,
1436 1849 1517 1910 quae

186 1929 324 2012 quidem,
349 1931 469 2015 absque
488 1931 545 1994 illa
562 1930 691 2011 fuisset,
714 1931 811 1996 facile
835 1931 963 1997 licuerit
980 1931 1086 2015 uitari,
1108 1951 1176 1996 non
1199 1937 1249 1997 est
1272 1933 1358 2017 quod
1380 1933 1516 1997 mireris.

185 2033 249 2099 Sed
283 2039 392 2100 tamen
428 2037 594 2119 aliquanto
630 2038 757 2120 aptiora
791 2038 943 2122 pleraque
978 2060 1088 2102 eorum
1127 2041 1203 2104 sunt
1235 2039 1275 2102 ad
1307 2039 1518 2122 intellectum,

187 2163 284 2224 quam
304 2141 444 2206 Graecae
464 2143 671 2228 anthologiae
691 2145 844 2228 opuscula
862 2145 948 2209 haud
972 2144 1149 2209 dissimilia.
1194 2143 1305 2208 Etiam
1327 2146 1519 2230 proprietati

186 2248 327 2331 suscepti
355 2248 460 2331 operis
487 2249 692 2314 tribuendum
722 2250 803 2314 illud
831 2251 916 2335 quod
946 2251 1091 2342 epitheta
1118 2252 1214 2315 uasta
1240 2252 1294 2315 uel
1322 2273 1458 2316 onerosa
1481 2273 1518 2315 ac

187 2353 392 2418 traiectiones
420 2355 653 2420 uocabulorum
682 2359 714 2420 et
742 2378 894 2421 sensuum
922 2378 978 2420 seu
1004 2357 1177 2422 uerborum
1199 2355 1407 2441 repetitiones
1430 2358 1518 2421 inue-

186 2460 294 2524 nimus
318 2461 405 2524 haud
428 2461 648 2546 infrequenter
671 2461 724 2525 uel
751 2462 924 2548 aliquando
953 2464 1128 2527 sententias
1155 2485 1271 2547 parum
1300 2465 1375 2546 apto
1406 2462 1518 2527 ordine

185 2565 413 2649 procedentes..
442 2565 557 2632 Sermo.
576 2571 688 2632 tamen
711 2569 751 2633 ad
775 2570 971 2652 optimorum
995 2572 1164 2635 auctorum
1188 2569 1370 2652 exemplum
1393 2568 1518 2633 confor-

186 2675 304 2756 matus
334 2673 472 2737 maxime
504 2674 544 2738 ad
572 2673 709 2760 Vergilii
739 2679 771 2739 et
800 2675 841 2740 ad
870 2675 986 2742 Ouidii.
1031 2676 1121 2741 Idem
1151 2678 1248 2760 poeta
1280 2677 1452 2761 aliquando
1485 2677 1519 2741 in

185 2779 282 2843 metri
301 2779 427 2864 legibus
446 2779 586 2864 liberior,
605 2781 743 2845 maxime
762 2782 848 2846 cirea
866 2783 988 2868 hiatus3
1009 2786 1041 2846 et
1058 2783 1112 2847 hic
1130 2782 1196 2847 illic
1215 2786 1353 2866 usurpat
1370 2782 1518 2848 licentias
1539 2791 1543 2796 '

187 2909 269 2970 quae
302 2885 554 2953 christianorum
577 2888 612 2953 in
634 2889 726 2954 libris
759 2891 865 2954 solent
896 2890 1044 2974 reperiri,
1074 2911 1113 2954 ex
1136 2911 1199 2973 quo
1223 2910 1339 2974 genere
1363 2888 1519 2975 estquod

187 2991 349 3056 interdum
371 3014 412 3074 qa
435 2993 628 3078 duplicis,·b
651 2995 805 3079 simplicis
828 2996 900 3061 uice
924 3015 1085 3061 consonae
1107 2995 1264 3079 fungitur.
1300 3033 1301 3036 =

276 3097 426 3164 Oeterum
448 3102 576 3182 praeter
598 3100 720 3184 ingenii
744 3101 957 3167 amoenitates
982 3102 1141 3185 duplicem
1165 3101 1207 3164 ob
1231 3123 1362 3165 eausam
1385 3101 1519 3185 cognitu

187 3203 398 3288 dignissimus
430 3209 480 3270 est
508 3206 637 3271 libellus
668 3207 818 3291 Porfyrii.
871 3207 1016 3272 Primum
1047 3208 1132 3272 enim
1165 3207 1206 3272 ad
1235 3207 1406 3272 historiam
1437 3206 1520 3273 (ion-

185 3311 322 3374 stantini
353 3312 558 3396 imperatoris
590 3314 847 3397 cognoscendam
879 3314 985 3379 adfert
1013 3313 1184 3399 quaedam,
1217 3335 1253 3378 eo
1283 3315 1388 3398 magis
1416 3315 1519 3398 utilia,

186 3418 272 3502 quod
296 3419 336 3482 ab
361 3420 487 3504 aequali
510 3419 597 3483 illius
622 3423 697 3484 sunt
714 3423 855 3485 narrata.
891 3419 1015 3484 Deinde
1034 3443 1106 3487 oum
1124 3421 1178 3484 hic
1197 3422 1284 3485 solus
1303 3420 1388 3483 inter
1408 3439 1518 3483 omnes

186 3526 348 3608 quotquot
371 3529 481 3589 extant
504 3529 652 3592 auctores
675 3526 810 3593 Latinos
833 3527 887 3592 uel
911 3525 1050 3593 Graecos
1074 3527 1103 3592 is
1127 3527 1259 3611 existat,
1286 3527 1376 3591 cuius
1399 3525 1520 3610 placita

186 3630 227 3694 ad
250 3631 404 3696 flexiones
427 3632 601 3698 uerborum
629 3637 661 3698 et
688 3634 729 3698 ad
756 3637 879 3700 rectam
903 3636 1096 3719 scripturam
1119 3633 1314 3719 pertinentia
1336 3653 1376 3696 ex
1399 3649 1518 3716 magna

186 3739 279 3821 parte
302 3737 397 3802 nobis
422 3742 571 3804 constent
594 3745 682 3806 certa
703 3764 763 3806 nec
786 3741 981 3806 dubitationi
1004 3743 1062 3806 ulli
1085 3742 1225 3808 obnoxia
1247 3742 1380 3824 propter
1405 3739 1515 3822 singu=

151 3875 154 3882 ¹
186 3845 288 3909 larem
316 3845 510 3929 scriptorum
539 3848 606 3911 eius
620 3851 797 3933 naturam,
829 3871 895 3914 non
923 3849 1096 3934 ingratam-
1110 3849 1226 3932 opinor
1248 3846 1424 3930 philologis
1448 3866 1517 3908 rem

188 3951 329 4036 suscepi,
361 3953 446 4035 quod
473 3955 647 4019 uerborum
673 3955 795 4020 formas
825 3955 1005 4040 singulares
1034 3959 1067 4019 et
1089 3953 1246 4019 memoria
1269 3952 1379 4037 aliqua
1401 3951 1517 4034 dignas

188 4057 429 4122 accuratissime
457 4060 609 4125 collectas
637 4063 768 4146 proprio
796 4061 900 4127 indice
927 4063 1091 4147 proposui.
1121 4060 1236 4149 ,ouius
1267 4059 1314 4122 rei
1344 4080 1381 4122 eo
1412 4057 1518 4122 maior

187 4162 350 4228 uidebitur
368 4165 491 4252 utilitas
510 4169 734 4251 reputantibus
754 4171 787 4232 et
803 4167 951 4234 floruisse
970 4168 1155 4253 Porfyrium
1175 4165 1302 4246 saeculo
1322 4159 1518 4249 quamquain

187 4273 341 4355 vergente
369 4271 403 4334 in
417 4271 626 4357 barbariem,
659 4274 790 4338 minime
818 4277 927 4338 tamen
950 4275 1087 4359 inculto,
1120 4277 1152 4339 et
1174 4273 1274 4336 fuisse
1298 4293 1384 4354 eum,
1417 4270 1517 4354 siquis

188 4377 251 4441 fuit
274 4378 365 4462 alius,
389 4398 527 4462 gnarum
550 4381 709 4446 sermonis
723 4380 840 4445 Latini.
877 4379 963 4445 Nam
987 4381 1049 4444 etsi
1073 4380 1229 4464 quasdam
1247 4380 1425 4442 metrorum
1449 4377 1517 4440 siue

189 4484 408 4567 quantitatum
431 4485 579 4551 licentias
604 4486 788 4551 difficultati
812 4487 919 4570 operis
942 4487 1115 4571 concessit,
1138 4509 1175 4550 eo
1199 4485 1321 4550 maiore
1345 4505 1418 4548 curn
1442 4506 1518 4548 cura

190 4591 288 4672 cauit,
321 4593 357 4654 ut
384 4573 531 4675 integrae
562 4596 770 4658 seruarentur
791 4593 945 4657 flexiones
968 4614 1086 4656 uocum
1110 4615 1182 4657 oum
1206 4589 1452 4675 orthographia,
1469 4589 1519 4653 'in

189 4719 252 4780 quo
274 4697 371 4780 plane
399 4690 505 4763 studio
534 4703 670 4783 apparet
697 4719 770 4764 eum
797 4699 897 4770 fuisse
921 4698 1139 4766 ambitiosum.
1186 4697 1278 4775 Quod
1301 4719 1373 4762 cum
1396 4696 1444 4760 ita
1467 4696 1518 4780 sit,

189 4789 255 4867 rion
292 4807 402 4888 potest
438 4827 507 4870 esse
543 4807 676 4890 mirum,
713 4797 799 4891 quod
835 4805 1130 4871 uetustissimarum
1165 4807 1425 4871 membranarum
1462 4807 1518 4868 aut
