3626 5676
725 1441 771 1522 L.
802 1439 840 1522 S.

305 1614 433 1678 Mirifici
457 1618 489 1678 et
512 1615 669 1699 incogniti
692 1615 790 1699 uolgo
814 1636 872 1678 neo
895 1616 1003 1678 tamen
1023 1613 1150 1699 indigni
1168 1613 1325 1678 memoria
1342 1616 1457 1696 poetae
1476 1635 1543 1678 oar-

104 1755 106 1760 ·
216 1721 305 1784 mina
332 1721 435 1784 denuo
464 1721 555 1784 edere
583 1743 655 1785 cum
683 1720 857 1803 placuisset
884 1719 979 1784 nobis
1006 1720 1157 1788 idoneum
1182 1722 1372 1803 apparatum
1397 1719 1543 1783 criticum
1645 1808 1648 1814 .

216 1827 335 1909 nactis,
367 1825 432 1890 iam
456 1849 483 1890 a.
510 1827 595 1891 1870
617 1826 736 1890 librum
759 1847 854 1910 quem
877 1825 1026 1890 manibus
1049 1815 1140 1889 tenes
1164 1825 1382 1890 excudendum
1405 1825 1543 1890 tradide-

216 1953 286 1995 ram
313 1932 538 2016 typographis.
585 1931 629 1994 Et
655 1931 748 1996 uideo
777 1953 797 1994 a
823 1931 988 1995 nonnullis
1015 1931 1168 1996 litteratis
1196 1931 1310 1995 referri
1339 1931 1377 1995 de
1400 1953 1438 1996 eo
1461 1935 1543 1995 tam-

217 2059 314 2120 quam
337 2037 463 2102 emisso.
510 2036 572 2102 Sed
600 2037 648 2100 illi
676 2059 749 2101 oum
776 2037 1055 2120 procrastinarent
1081 2037 1224 2101 laborem
1253 2041 1385 2121 propter
1409 2036 1543 2102 difficul-

175 2144 179 2150 '
216 2144 457 2233 tatem-operis,
481 2165 541 2228 ego
559 2142 712 2207 Vaticani
735 2142 854 2207 codicis
873 2146 985 2207 auctus
1006 2143 1185 2228 collatione,
1209 2166 1305 2228 quam
1324 2144 1544 2208 commodarat

216 2248 397 2314 Lndouicus
425 2249 566 2332 Ieepius‚
599 2252 772 2334 antequam
802 2249 923 2314 abirem
947 2249 982 2312 in
1004 2249 1089 2314 hanc
1112 2251 1238 2334 urbem,
1271 2250 1386 2333 repetii
1409 2250 1543 2314 schedas

216 2357 459 2438 retractaturus
482 2355 579 2418 simul
602 2359 639 2418 ut
660 2355 779 2420 librum
802 2355 960 2438 aptiorem
984 2355 1147 2446 redderem
1174 2357 1214 2420 ad
1232 2355 1412 2440 legendum.
1443 2355 1544 2431 Quem

216 2461 316 2525 uariis
344 2461 493 2544 deinceps
522 2461 649 2525 casibus
677 2461 841 2526 tardatum
869 2483 954 2526 nuno
982 2463 1110 2526 demum
1137 2465 1213 2544 post
1235 2461 1393 2527 Lucilium
1421 2462 1543 2528 editum

217 2567 384 2631 absoluere
413 2567 508 2632 nobis
538 2568 635 2632 licuit.
688 2567 726 2630 Id
754 2572 864 2633 tamen
894 2591 986 2632 mora
1015 2569 1078 2632 ista
1107 2567 1222 2632 habuit
1251 2567 1425 2652 commodi,
1458 2569 1545 2652 quod

218 2695 300 2759 anno
330 2673 477 2756 proximo
509 2694 699 2758 praegresso
731 2674 829 2738 etiam
861 2659 1083 2738 Parisinorum
1116 2674 1262 2739 codicum
1292 2673 1543 2758 descriptionem

217 2779 296 2843 satis
321 2782 469 2843 accurate
493 2779 612 2852 factam
637 2780 818 2863 accepimus
843 2783 875 2844 et
897 2802 973 2845 mox
996 2780 1059 2863 ipsi
1082 2778 1280 2863 inspeximus
1304 2779 1441 2844 eosdem.

305 2957 432 3021 Dabam
455 2955 660 3040 Petropoli
683 2957 756 3020 Kal.
778 2956 906 3022 Martiis
930 2957 969 3021 A.
991 2957 1234 3022 Mncccnxxvl.
1317 2993 1318 2996 κ
