3626 5676
315 419 389 465 xuu
854 393 1122 468 conuerrnrrvs

409 579 448 644 19
471 581 680 663 spirornennr;
714 577 902 664 ‘foramina
929 581 1102 664 epitonia
1125 586 1302 666 operturae,
1334 585 1370 647 ut
1392 586 1489 648 uocat
1512 581 1655 666 Vitruu„

317 685 436 769 quibus
461 686 583 770 aperlis
607 685 791 752 admittitur
814 685 950 770 spiritus
972 687 1007 752 in
1029 685 1175 752 canales’
1198 686 1348 754 Wernsd.

403 793 447 858 20
468 794 583 877 nmine,
603 793 820 875 folliculorum.

405 900 446 964 21
471 898 558 964 nond
578 900 639 965 sibi
660 901 787 978 dicore,
814 919 967 982 conprnnc
989 901 1070 966 inter
1091 921 1123 966 se
1145 906 1173 966 et
1194 901 1382 968 conueniens.

406 1006 671 1089 necopinum
695 1041 736 1052 -
754 1007 987 1090 propriumque,
1009 1011 1113 1072 neulr.
1137 1045 1178 1054 -
1197 1013 1350 1092 praestat,
1369 1009 1501 1090 paene.

406 1111 450 1176 24
472 1115 622 1198 qnodque,
645 1118 675 1180 et
697 1113 756 1178 tole
777 1117 821 1178 nt.
846 1149 883 1160 -
908 1113 1081 1196 [requenter
1102 1113 1301 1200 iungendum
1325 1137 1397 1179 cum
1420 1117 1652 1197 intrenefooto;

316 1221 431 1282 uotum
454 1221 564 1284 autem
587 1242 685 1304 quam
707 1218 807 1284 fuerit
824 1217 975 1302 frequens
993 1219 1055 1285 hac
1073 1223 1180 1286 aelate
1198 1241 1276 1285 usus
1295 1241 1492 1306 organorum
1510 1221 1652 1306 hydrau-

316 1324 463 1390 lioorum.
485 1363 530 1372 —
552 1327 597 1392 25
614 1328 761 1410 placitos,
783 1327 838 1408 qni
854 1325 1045 1410 placuerint,
1069 1329 1106 1391 ut
1128 1349 1159 1393 u.
1184 1327 1224 1392 19
1241 1328 1376 1408 planitie.

404 1433 448 1497 26
465 1435 706 1518 proesninpere
728 1433 924 1516 sntpefucere.

405 1538 496 1624 XXI,
523 1541 538 1604 1
562 1539 645 1621 sors,
665 1540 805 1620 fortasse.

404 1646 426 1710 2
454 1651 508 1710 tuo
536 1647 636 1723 insen
669 1645 767 1730 Verg.
798 1650 853 1710 tuo
882 1646 1047 1713 Monens
1076 1647 1162 1714 hond
1189 1648 1297 1714 nullia
1325 1650 1419 1715 inesu.
1465 1653 1519 1712 tuo
1549 1649 1643 1732 iussu,

314 1751 453 1817 Bassum
478 1753 662 1838 alloquitur.

399 1861 487 1924 3-6
511 1860 590 1925 haec
613 1861 661 1925 ita
684 1860 836 1926 uidentur
859 1883 929 1926 esee
952 1861 1184 1947 intellegenda:
1206 1861 1279 1928 loeo
1302 1862 1423 1928 ludicro
1445 1883 1515 1928 onon
1526 1863 1644 1946 planen

312 1965 472 2044 offectonit
494 1988 530 2031 ee
552 1967 710 2032 nolnntoto
730 1967 838 2047 fausto
861 1968 1020 2050 Apollinis
1043 1969 1154 2052 Musa,
1177 1989 1256 2051 quoe
1277 1971 1369 2036 nonis
1391 1971 1474 2035 uiris
1496 1970 1556 2034 sili
1575 1971 1645 2035 nin-

172 2099 174 2103 ’
312 2074 382 2138 nilo
405 2074 531 2157 indidit,
554 2079 590 2138 nt
611 2094 742 2142 conones
755 2074 899 2156 Apollini
921 2074 1026 2158 danti,
1048 2076 1222 2158 interpositi
1240 2077 1301 2159 lepe
1319 2076 1386 2140 olco
1403 2096 1498 2158 qinom
1517 2076 1646 2159 lepitim

314 2181 503 2246 tinnientes
525 2201 646 2265 werce,
670 2181 735 2245 ion
757 2182 883 2246 diuersa
905 2186 972 2246 orte
988 2182 1126 2263 stomun
1144 2184 1270 2265 insuper
1288 2184 1368 2250 alios
1385 2183 1516 2247 o⁴eddont
1532 2202 1646 2248 sensere

400 2287 529 2358 7-214.
565 2287 798 2353 obscurissima
820 2286 901 2352 haec
924 2290 957 2351 et
981 2286 1105 2373 Oedipo
1128 2288 1236 2372 aliquo
1260 2289 1371 2374 digno,
1393 2311 1460 2353 non
1482 2289 1520 2352 ul
1542 2287 1644 2352 ausim

313 2395 484 2460 adfirmare
516 2417 536 2460 a
565 2416 617 2460 me
647 2397 735 2460 recle
765 2416 836 2460 esse
869 2395 1037 2478 explicata.
1095 2398 1237 2460 ceterum
1268 2394 1352 2460 Irini
1383 2394 1511 2458 uidetur
1544 2393 1646 2458 dicere

312 2501 482 2584 Porfyrius
515 2523 653 2567 canones
686 2501 775 2584 illoc,
813 2501 869 2586 qui
901 2503 977 2566 sunl
1008 2499 1205 2586 HIOPAR,
1236 2499 1475 2566 PVBLILIV
1509 2498 1645 2565 OMNE

313 2605 493 2692 colive,
524 2613 612 2676 aetra
639 2606 863 2693 quadrangula
892 2610 1059 2692 quattuor,
1092 2607 1209 2692 quibus
1237 2608 1377 2693 reliqua,
1411 2627 1492 2691 quae
1521 2607 1648 2672 rubrica

313 2717 391 2780 sunt
413 2715 608 2800 perscripta,
631 2715 847 2781 continentur.

368 2891 372 2899 ,
405 2822 422 2885 7
449 2821 557 2908 foeno,
586 2821 727 2888 Bessum
757 2821 939 2906 alloquitur.
976 2857 1012 2867 -
1049 2822 1156 2888 totiens
1183 2841 1252 2887 cnm
1273 2819 1511 2903 'confirmounit
1539 2825 1650 2905 aens,

176 2925 179 2929 ’
313 2931 435 2996 timores
458 2931 612 2995 seductorii
637 2949 727 3013 coepe
748 2933 942 2996 recurrentes.

403 3038 422 3102 8
447 3039 585 3120 animno,
608 3057 701 3102 niens.

309 3125 314 3132 ⁴
405 3144 435 3220 8,
458 3143 478 3206 9
503 3145 577 3206 irini
599 3143 723 3226 impleri
744 3143 865 3226 pendet
888 3143 1032 3224 asnoios,

408 3250 448 3314 10
471 3250 519 3314 dei
541 3253 655 3332 aestus,
676 3251 798 3329 furores
816 3251 947 3332 poeticos
969 3250 1008 3314 uh
1030 3248 1177 3332 Apolline
1198 3249 1330 3312 iniectos.

351 3381 359 3407 ι
405 3357 442 3418 11
468 3355 543 3420 nolit
565 3355 645 3420 coni.
670 3355 885 3422 conoessiuus,
911 3393 948 3404 -
973 3357 1061 3440 uelit,
1085 3357 1112 3420 is
1136 3355 1191 3438 qui
1214 3353 1397 3420 meditetur.

406 3461 535 3526 11-13
558 3462 672 3526 'coloret
687 3499 724 3508 -
736 3483 859 3545 ponens
874 3499 915 3510 —-
930 3468 1065 3528 metuens
1087 3463 1175 3528 deus,

405 3569 833 3653 13ninotoobortn,obinitio
841 3571 1075 3648 indeonrrninis,
1082 3571 1148 3634 inni
1158 3570 1272 3653 lapibus
1281 3567 1481 3634 cenwine
1490 3568 1650 3634 annoto.

402 3677 502 3742 schol.
548 3697 635 3742 omne
654 3697 750 3759 penno
772 3678 862 3742 metri
885 3677 940 3742 tilii
957 3697 1111 3760 pompona,
1139 3682 1259 3760 optnnoe
1281 3675 1389 3740 Basse.
1422 3673 1569 3739 imilalue
1600 3678 1651 3738 est

312 3783 448 3848 tolidem
478 3783 586 3848 uerbis
608 3783 805 3868 paribusque
829 3781 994 3868 rhythmis,
1013 3783 1044 3847 h.
1067 3807 1097 3848 u.
1121 3786 1234 3848 auctor
1257 3781 1347 3848 cuius
1377 3801 1430 3865 pg.
1455 3781 1498 3844 32
1520 3781 1648 3864 positus

312 3892 362 3953 est
385 3911 512 3954 uersus:
536 3889 622 3955 ‘esee
644 3888 750 3954 bonus
776 3889 869 3973 riuis,
893 3890 960 3954 cole
984 3889 1090 3973 diuos,
1114 3889 1236 3973 optime
1260 3885 1389 3953 Pansa?

401 3994 504 4062 XXII.
529 3996 627 4061 eliam
646 3997 679 4061 in
698 3997 760 4063 hoo
775 3997 917 4062 carmine
931 3996 1084 4081 pleraque
1099 3995 1338 4072 obscurissima.
1368 3992 1514 4078 suspicor
1528 3996 1648 4076 autem,

316 4125 397 4187 quae
420 4104 455 4169 in
477 4104 539 4170 hac
558 4105 685 4189 sylloge
705 4105 782 4168 sunl
800 4099 1002 4186 difficillima,
1025 4103 1137 4167 eadem
1157 4125 1226 4166 esee
1245 4101 1481 4187 antiquissima.
1505 4102 1647 4164 ceterum

312 4214 456 4294 apparel,
471 4211 565 4274 datos
579 4208 639 4275 hos
658 4231 769 4274 uersus
789 4209 829 4274 ed
848 4209 956 4274 uirum
970 4209 1114 4274 nobilem
1129 4212 1162 4273 el
1176 4209 1287 4274 fauore
1303 4205 1451 4272 Caesaris
1467 4207 1647 4272 subnixum.

395 4318 422 4400 ,2
445 4317 504 4395 die,
531 4314 717 4399 Apollinem
742 4314 925 4400 alloquitur.

401 4423 421 4486 3
444 4422 499 4504 qni
515 4421 645 4503 praebeo
667 4409 766 4503 triow
790 4423 857 4504 qni,
880 4424 917 4486 ul
939 4421 1015 4500 uid„
1039 4423 1089 4486 cni
1110 4423 1209 4504 rinna·
1232 4421 1366 4486 ledones.

401 4530 423 4592 4
446 4528 621 4612 cuprinis,
644 4549 666 4592 u
681 4530 791 4610 primo
813 4531 885 4594 inde
906 4533 1012 4594 aetate.
1037 4565 1078 4575 —
1103 4533 1170 4604 tna,
1194 4532 1265 4593 tnos
1287 4533 1378 4592 antee.

404 4635 444 4698 19
469 4634 496 4697 si
519 4634 635 4717 legeris
658 4655 760 4712 omne,
783 4638 859 4718 poet
882 4634 944 4699 hoo
967 4656 1035 4700 uoo.
1059 4634 1122 4698 erit
1144 4634 1329 4717 ponendum
1353 4654 1486 4697 comma.

405 4741 458 4824 24,
481 4738 502 4804 5
525 4738 605 4804 haec
627 4739 674 4806 ita
697 4739 897 4825 accipienda:
918 4740 943 4822 s.
965 4760 989 4806 s.
1011 4761 1052 4826 n,
1073 4762 1101 4825 q.
1118 4762 1153 4824 p.
1176 4742 1196 4806 i.
1220 4761 1296 4808 senc.
1314 4760 1385 4824 pen.
1404 4743 1487 4821 potr.
1512 4737 1544 4803 S.
