3586 5678
275 566 382 631 Parua
403 565 501 632 nimis
524 566 633 652 longis
657 569 690 630 et
712 566 786 632 uisu
809 567 940 632 dissona
962 567 1101 632 multum
1182 553 1184 558 ¹

276 673 434 756 Tempore
458 673 518 737 sub
541 673 639 756 parili
662 674 760 738 metri
782 673 964 738 rationibus
988 673 1101 758 isdem,

274 779 455 845 Dimidium
477 801 612 844 numero
635 780 767 864 rythmo
791 783 901 845 tamen
925 781 1171 865 aequiperando.

275 886 365 951 Haeo
388 886 450 951 erit
472 885 507 950 in
529 887 638 951 uarios
663 887 784 970 species
808 886 979 970 aptissima
1002 890 1116 952 cantus

274 992 397 1079 Perque
421 993 535 1058 modos
560 993 713 1079 gradibus
739 995 851 1078 surget
872 991 1011 1058 fecunda
1034 996 1160 1059 sonoris

274 1099 358 1166 Aere
381 1122 461 1166 cauo
485 1104 519 1165 et
540 1101 652 1185 tereti,
675 1099 809 1164 calamis
833 1099 1052 1164 crescentibus
1076 1103 1179 1165 aucta.

273 1205 352 1283 Quis
376 1208 456 1272 bene
481 1206 659 1292 subpositis
684 1206 851 1290 quadratis
877 1191 987 1272 ordine
1010 1207 1144 1291 plectris

273 1312 419 1378 Artificis
443 1335 558 1377 manus
581 1313 616 1376 in
638 1334 789 1377 numeros
814 1312 995 1397 clauditque
1019 1314 1185 1398 aperitque

273 1416 491 1504 spiramenta,
514 1418 655 1502 probans
679 1417 808 1502 placitis
831 1417 913 1482 bene
937 1439 1079 1484 consona
1100 1419 1251 1504 rythmis,

272 1522 338 1590 Sub
362 1525 478 1609 quibus
501 1523 589 1588 unda
611 1525 715 1588 latens
739 1523 991 1607 properantibus
1014 1524 1115 1590 incita
1137 1527 1254 1612 uentis,
1479 1545 1513 1596 20

272 1631 359 1708 Quos
381 1632 507 1696 uicibus
532 1631 653 1696 crebris
676 1630 830 1706 iuuenum
852 1631 945 1696 labor
967 1631 1054 1698 haud
1078 1632 1140 1697 sibi
1163 1633 1286 1699 discors

271 1738 356 1803 Hinc
380 1741 476 1824 atque
500 1738 576 1803 hinc
600 1737 785 1822 animatque
809 1738 938 1824 agitans
962 1741 1124 1824 augetque
1139 1739 1318 1825 reluctans,

270 1843 496 1930 Compositum
520 1845 561 1909 ad
583 1867 734 1910 numeros
758 1844 988 1930 propriumque
1012 1845 1053 1909 ad
1076 1845 1220 1910 earmina
1242 1851 1397 1934 praestat,

270 1950 425 2036 Quodque
449 1955 547 2037 queat
570 1953 739 2017 minimum
762 1951 803 2016 ad
825 1955 950 2016 motum
973 1949 1199 2018 intremefacta
1221 1953 1406 2039 frequenter

268 2057 396 2123 Plectra
419 2057 573 2143 adaperta
596 2059 687 2145 sequi
710 2061 768 2123 aut
790 2059 929 2142 placitos
952 2059 1034 2124 bene
1057 2060 1204 2125 claudere
1227 2064 1340 2126 cantus
1478 2081 1511 2128 25

268 2165 401 2251 Iamque
425 2169 529 2232 metro
554 2169 587 2232 et
608 2165 750 2251 rythmis
774 2165 1012 2251 praestringere
1037 2165 1190 2252 quicquid
1212 2168 1331 2254 ubique
1355 2173 1413 2234 est.

712 2397 979 2411 ffl—

583 2579 829 2652 CARMINA
865 2571 1109 2664 RELIQVA.

746 2787 833 2855 xxi.
857 2787 940 2871 [rr]

336 2952 443 3017 Pauca
466 2951 595 3035 quidem
618 2949 809 3016 cecinifors
832 2950 960 3014 friuola.
988 2950 1040 3014 his
1065 2972 1191 3036 quoquc
1214 2951 1347 3035 iungam

335 3057 481 3123 Ludicra.
528 3057 574 3122 sic
596 3060 711 3122 nostra
733 3058 856 3140 panget
877 3059 935 3120 tua
958 3056 1048 3120 iussa
1071 3052 1223 3120 Camena.

335 3164 463 3229 Ambiit
485 3165 567 3228 haec
589 3162 745 3246 plaudens
768 3162 871 3227 felicis
895 3163 1026 3227 numine
1049 3161 1174 3228 Phoebi

336 3270 483 3356 Calliope
506 3270 630 3355 partita
652 3269 747 3334 nouis
772 3269 835 3333 sibi
857 3269 987 3334 uincula
1009 3269 1104 3353 curis,

334 3377 486 3444 Flexibus
509 3381 546 3442 ut
567 3375 680 3460 primis
705 3374 845 3440 discordi
868 3375 982 3460 regula
1005 3374 1093 3439 cultu

334 3485 419 3550 Hinc
443 3485 508 3550 alia
532 3487 624 3550 sonet
647 3485 716 3548 arte
740 3504 837 3567 super
858 3481 1000 3566 Pythoia
1024 3481 1133 3547 flexus.

335 3590 387 3657 Sic
410 3589 525 3674 facies,
548 3591 669 3656 totiens
693 3612 766 3654 cum
790 3589 1031 3654 confirmauerit
1055 3592 1163 3654 aestus

335 3697 388 3763 Sic
411 3697 537 3762 animus
560 3719 620 3761 nec
642 3695 749 3760 uictus
772 3695 858 3760 iners
883 3695 927 3759 sit
951 3695 1092 3779 saucius,
1116 3697 1190 3760 irim

332 3804 479 3887 Impleri3
502 3803 611 3868 uarias
635 3803 788 3867 metricae
811 3801 971 3887 grauioris
996 3801 1037 3866 ob
1062 3805 1149 3867 artes

334 3910 479 3975 Tandem
502 3932 597 3974 nosse
620 3909 671 3973 dei
694 3909 905 3974 meditantem
927 3908 983 3973 uix
1005 3908 1082 3972 licet
1105 3911 1223 3991 aestus,
1470 3926 1503 3975 ιο

332 4017 405 4082 Rite
428 4016 521 4100 uelit,
544 4016 650 4080 medio
674 4015 751 4080 dum
774 4016 808 4105 in
831 4016 959 4100 agmine
983 4015 1110 4080 colocat
1133 4014 1214 4079 astri

332 4122 496 4208 Effigiem,
519 4123 708 4207 trepidoque
731 4144 851 4206 parans
875 4144 1022 4187 sermone
1045 4122 1185 4186 latenter

332 4228 447 4293 Dicere
469 4251 529 4294 nec
553 4233 699 4294 metuens
723 4230 833 4296 uincto
858 4229 904 4293 sic
928 4228 1037 4293 omnia
1062 4228 1103 4292 ab
1128 4231 1201 4292 ortu

331 4334 487 4420 Pangcre.
534 4335 590 4400 sed
612 4357 740 4400 rursum
763 4334 885 4398 Bassus
908 4355 993 4397 nuno
1016 4332 1152 4417 prodere
1176 4355 1307 4399 carmen

330 4441 483 4525 lmperat.
528 4442 582 4506 hic
606 4441 719 4507 docilis
742 4440 854 4505 Musae
878 4439 916 4505 de
939 4439 1030 4504 fonte
1054 4439 1209 4504 meabant
1469 4458 1501 4507 15

332 4547 452 4618 Ordine
475 4548 620 4615 Castalio
644 4549 725 4613 texti
748 4569 806 4631 per
828 4547 960 4612 nominc
983 4569 1105 4612 uersus.

702 4761 968 4779 ——aa———n
