3586 5678
801 544 905 610 xxn.
952 544 1102 627 [xuni]

480 707 600 770 Mirum
623 727 706 790 opus
729 709 780 770 est
802 705 930 770 iunctos
953 727 994 770 en
1017 705 1101 770 tales
1124 705 1217 772 edere
1241 729 1364 791 uerene,

482 812 597 896 Sicque
619 812 723 898 ligare
746 812 883 876 hederis,
918 812 1054 896 paulum
1076 815 1126 894 tu,
1149 812 1213 891 die,
1235 817 1370 898 rogatus

481 918 558 982 Mox
581 919 669 982 ades!
693 941 734 982 en
757 941 911 1002 quorsum
933 919 1056 1002 rapies,
1078 919 1133 1003 qui
1156 919 1296 1002 praebeo
1319 919 1410 984 fixas.

482 1025 561 1090 Sum
583 1028 674 1110 tuus,
696 1047 732 1090 ec
755 1025 870 1110 primis
892 1029 949 1090 tua
971 1025 1138 1108 discimus,
1161 1029 1197 1089 ut
1220 1027 1286 1090 tria
1307 1026 1386 1092 felix

481 1131 551 1196 Nec
573 1132 676 1197 fallax
697 1131 845 1196 tribuens
869 1131 983 1196 audaci
1006 1131 1041 1194 in
1063 1154 1196 1197 munere
1219 1132 1343 1196 clarum

481 1239 682 1322 Aequiperes
706 1239 858 1304 animum.
903 1259 988 1302 nunc
1012 1235 1084 1302 Clio
1107 1239 1251 1303 carmina
1273 1239 1388 1303 firmet

483 1344 545 1420 Qui
567 1349 723 1428 poterunt
743 1344 867 1428 pangi?
889 1367 1010 1429 ponam
1034 1366 1092 1410 ceu
1115 1345 1257 1410 stamina
1278 1368 1422 1431 normas,

484 1453 572 1528 Quae
595 1456 728 1516 uerrunt
751 1474 834 1538 sese,
856 1474 939 1536 quae
962 1453 1093 1517 uincula
1116 1453 1209 1518 mitia
1232 1457 1353 1518 curent
1480 1453 1488 1460 '
1536 1455 1544 1462 '

483 1559 532 1624 Tu
555 1560 649 1624 dabis
672 1559 732 1624 has
755 1560 855 1624 uires!
878 1563 936 1624 tua
958 1583 1088 1625 rursum
1110 1583 1221 1626 cosere
1243 1558 1398 1658 praemia,

482 1666 626 1730 Ausibus
649 1666 684 1730 in
707 1668 835 1752 magnis
857 1667 945 1732 laetu
968 1667 1009 1732 ad
1032 1665 1197 1733 contraria
1219 1691 1339 1733 cumas.
1370 1652 1390 1668 ἣ

483 1755 648 1837 Aonidum
666 1755 746 1836 iram
768 1773 858 1838 fonte
881 1774 976 1859 graui
999 1776 1098 1839 micat
1121 1798 1174 1840 ars
1196 1797 1283 1840 noua
1305 1775 1407 1838 uenis,

484 1879 664 1944 Immancst
686 1902 833 1974 prorsum
857 1881 1008 1964 amplexu
1032 1885 1089 1946 aut
1110 1885 1161 1947 tot
1185 1881 1274 1948 ocius
1298 1903 1377 1946 onas

484 1986 673 2070 Prospicerc
696 1988 844 2071 plantare
867 1989 981 2053 modos
1005 1989 1152 2052 inmittat
1174 1989 1224 2052 uti
1247 1991 1318 2053 turn

484 2094 529 2158 Et
551 2095 709 2178 proiiecta
730 2099 824 2159 necet
847 2098 1017 2160 consumto
1040 2095 1181 2180 ingloria
1204 2095 1288 2160 libro

366 2205 370 2212 '
486 2202 520 2266 Si
544 2203 674 2286 sapiunt
698 2205 731 2265 et
753 2205 867 2266 nostra
890 2203 941 2266 cui
964 2224 1164 2267 succrescere
1188 2223 1323 2266 acumen

484 2309 707 2374 Praesolidum
730 2308 926 2393 densumque
949 2309 1049 2374 animi
1071 2310 1227 2374 deducere
1251 2309 1328 2372 uiua

487 2415 675 2501 Congruere
698 2419 831 2481 cernant
854 2417 998 2481 studiose
1021 2418 1076 2501 qui
1098 2418 1185 2482 bona
1207 2416 1306 2482 calles

486 2525 629 2609 Legibus
653 2523 812 2588 abstrusis
836 2524 922 2609 quod
945 2523 1089 2588 earmina
1111 2523 1329 2607 conspicorati

487 2631 610 2696 Blande
634 2632 735 2698 animi
758 2631 853 2696 iudex
877 2632 932 2717 qui
955 2631 1099 2695 moribus
1123 2631 1212 2695 omni
1235 2630 1306 2715 agis
1329 2631 1427 2693 auctu

486 2739 652 2804 Praemiro
675 2738 819 2804 ostendis
843 2738 951 2802 studia
973 2739 1008 2802 in
1030 2743 1154 2802 rectore
1176 2737 1281 2821 polita

487 2847 753 2932 Treusioolasque
776 2851 851 2910 tuos
876 2849 989 2910 auctus
1011 2846 1165 2911 laetabile
1189 2866 1318 2909 sumens

487 2953 647 3017 Intuitum
670 2975 733 3037 quo
756 2975 913 3037 prospera
935 2953 1024 3017 facta
1047 2974 1084 3016 ac
1107 2952 1228 3038 gaudia
1251 2951 1351 3015 dones

487 3058 630 3124 Publica.
675 3060 723 3123 nil
745 3060 836 3144 prius
860 3064 911 3124 est
933 3060 1019 3144 quod
1041 3061 1075 3124 ui
1098 3063 1131 3122 et
1153 3059 1284 3124 nomine
1307 3079 1409 3122 curas.

488 3166 552 3230 Fas
576 3168 620 3230 sit
642 3165 768 3232 Sidonii
792 3189 923 3231 sensum
946 3167 980 3230 in
1002 3167 1168 3250 penetrale
1192 3166 1322 3249 patroni

489 3274 631 3339 Noscere
654 3297 736 3358 quae
759 3275 876 3358 possis.
920 3274 987 3338 illic
1009 3274 1098 3338 nitor
1120 3273 1222 3337 ociter
1244 3273 1312 3336 eius

490 3380 647 3456 Conditor
669 3382 821 3446 abstrusa
844 3403 1036 3467 generosum
1059 3402 1175 3465 cogere
1199 3403 1330 3444 censum

489 3489 657 3571 Pauperie.
700 3489 843 3574 flagrant
866 3489 1003 3573 geminis
1026 3511 1112 3552 noua
1135 3489 1254 3573 gaudia
1276 3485 1371 3551 uotis.
1410 3508 1411 3512 ’

489 3595 591 3660 Diues
614 3595 796 3678 Apollineis
819 3595 955 3659 deaurat
976 3595 1107 3659 foedera
1129 3594 1275 3678 plectris·
1461 3589 1466 3596 ’

490 3702 553 3766 Hic
576 3703 669 3767 nouit
691 3702 802 3765 laudes
825 3703 940 3766 doctus
964 3724 1108 3786 quaeque
1132 3701 1240 3766 omine
1262 3703 1356 3763 tanto

493 3808 577 3874 Sunt
598 3809 749 3892 praeuisa
771 3809 875 3872 bonis.
920 3813 956 3872 tu
980 3809 1091 3872 dexter
1113 3809 1263 3891 protinus
1287 3810 1356 3870 esto

492 3915 573 3980 Cum
597 3916 734 3999 sanctie,
755 3916 869 3978 insiste
892 3915 955 3979 fide
978 3908 1115 3979 festinus
1138 3917 1173 3980 in
1196 3915 1348 3998 amplum.

494 4019 651 4085 Clementi
674 4022 754 4085 haec
776 4027 858 4086 nutu
883 4021 1050 4106 Augustus
1074 4022 1134 4085 tibi
1157 4021 1243 4086 dona
1265 4023 1362 4085 beata

492 4128 637 4192 Laudato
661 4129 795 4210 tribuet,
817 4131 852 4190 te
875 4129 1005 4192 consule
1029 4128 1173 4211 praemia
1196 4128 1345 4211 complet

492 4233 578 4297 Hinc
600 4238 657 4297 tua
679 4237 756 4297 tunc
778 4233 870 4297 festis
892 4235 963 4298 noti
986 4256 1042 4297 sex
1064 4235 1197 4298 nomina
1219 4235 1353 4318 plausus

494 4340 655 4404 Plurimus
679 4363 716 4404 ac
739 4341 879 4424 prudens
902 4364 1009 4405 rerum
1034 4342 1106 4426 quis
1128 4345 1259 4426 torpeat
1281 4363 1358 4404 usus

493 4447 655 4532 Degeneri
678 4449 719 4510 ab
743 4470 800 4530 spe
823 4448 936 4512 molita
959 4450 1032 4530 plus
1056 4449 1186 4534 ingruit.
1231 4448 1307 4512 hinc
1329 4447 1395 4511 iam

495 4553 728 4638 Suscipc'uoto
752 4553 851 4617 alacri
873 4554 935 4618 hoc
958 4577 1088 4638 munna,
1110 4557 1161 4619 uir
1184 4557 1282 4639 bone,
1305 4555 1399 4619 clare.
