3586 5678
402 629 523 693 Exciso
545 651 612 694 non
635 652 706 693 sum
730 650 809 712 rupe
833 627 955 692 montis
978 625 1079 692 albidi

403 735 513 799 Lunae
537 737 661 800 nitente
684 757 742 800 neo
765 734 842 800 Pari
865 736 903 799 de
927 734 1060 816 vertice3

404 841 481 907 Non
505 864 600 906 caesa
623 843 702 907 duro
725 864 784 906 neo
808 845 921 907 coacta
944 839 1068 924 spiculo

406 947 525 1013 Artare
547 949 671 1032 primos
696 949 873 1011 eminentes
897 947 1034 1030 angulos

403 1053 450 1120 Et
472 1077 548 1119 mox
572 1055 729 1120 secundos
752 1075 935 1139 propagare
957 1051 1056 1116 latius

404 1159 535 1244 Eosque
560 1165 652 1226 caute
676 1163 823 1246 singulos
848 1160 1023 1225 subducere

406 1265 515 1330 Gradu
538 1259 665 1334 minuto
688 1292 745 1353 per
767 1290 919 1333 reeuruas
941 1267 1054 1351 lineas,

405 1370 566 1438 Normata
588 1375 707 1458 ubique
732 1375 779 1440 sio
802 1373 914 1439 deinde
937 1373 1059 1458 regula,

405 1477 453 1543 Vt
476 1501 534 1544 ora
557 1482 697 1565 quadrae
722 1483 765 1546 sit
787 1481 913 1566 rigente
936 1480 1050 1564 limite,
1156 1511 1162 1524 ¹

406 1585 468 1650 Vel
490 1587 564 1653 inde
588 1589 629 1653 ad
651 1589 753 1653 imum
775 1589 848 1652 fusa
870 1610 1000 1653 rursum
1021 1585 1109 1651 linea

407 1691 571 1758 Tendatur
595 1698 663 1759 arte
686 1696 785 1760 latior
806 1718 864 1780 per
888 1695 1044 1764 ordinem.

405 1798 459 1864 Me
482 1803 588 1866 metra
610 1805 758 1888 pangunt
781 1803 819 1866 de
843 1801 1057 1867 Camenarum
1080 1800 1186 1864 modis

406 1904 534 1972 Mutato
557 1929 734 1992 numquam
756 1929 890 1974 numero
915 1908 1084 1973 dumtaxat
1105 1906 1237 1991 pedum;

407 2011 496 2088 Quae
519 2011 616 2079 doota
639 2018 748 2079 seruat
771 2015 848 2079 dum
870 2015 1051 2100 praeseptis
1075 2013 1197 2099 regula,

405 2117 578 2185 Elementa
601 2125 748 2186 creseunt
770 2125 804 2186 et
826 2123 1017 2187 decrescunt
1038 2120 1225 2186 carminum.

407 2225 491 2310 Has,
513 2226 658 2308 Phoebe,
682 2229 818 2312 supplex
841 2229 921 2292 dans
944 2231 1121 2292 metrorum
1145 2225 1302 2311 imagines

408 2330 552 2415 Templis
576 2333 745 2418 chorisque
769 2335 874 2400 laetus
897 2335 1027 2398 intersit
1049 2333 1161 2398 saeris!

672 2587 674 2592 .
727 2585 993 2594 ————-

725 2745 861 2812 xxvn.
885 2718 992 2828 [nn]

407 2901 595 2970 Praeoelsae
619 2927 755 2990 quereus
779 2906 943 2972 frondenti
965 2907 1000 2972 in
1022 2906 1143 2972 uertice
1165 2904 1308 2990 pendens

408 3009 526 3076 Testor
547 3013 672 3096 templa
694 3013 757 3079 looi
779 2995 909 3080 Faunos
933 3014 1095 3092 celebrare
1117 3014 1309 3098 frequentes,

407 3109 602 3203 Disparibus
627 3126 786 3206 oonpaota
808 3123 913 3190 modis
936 3123 1134 3206 totidemque
1158 3120 1282 3205 cicutis,

408 3225 587 3293 Duloisono
609 3228 734 3296 Panum
758 3231 925 3296 oblectans
947 3228 1166 3295 modulamine
1190 3227 1301 3311 siluas,

408 3330 572 3399 Naiadum
595 3334 827 3422 Dryadumque
850 3338 968 3405 choros
991 3357 1171 3422 arcanaque
1194 3333 1314 3400 Bacchi
1348 3416 1351 3420 ¹

412 3438 513 3526 Orgia
536 3445 570 3506 et
591 3442 764 3509 heuuantis
788 3443 920 3530 Satyros
942 3467 1001 3530 per
1023 3445 1148 3510 musica
1169 3446 1286 3525 tempe.

408 3543 461 3609 Me
484 3547 555 3612 Pan
578 3549 618 3614 ad
641 3549 775 3636 thyasos
799 3552 909 3618 doouit
931 3551 1153 3617 modulamina
1176 3550 1300 3633 cantus,

270 3745 277 3752 ν
409 3651 455 3716 Et
476 3655 604 3720 uariata
626 3659 716 3724 sonis
739 3659 846 3724 uinxit
869 3659 1034 3724 consortia
1055 3656 1194 3741 primus3

409 3758 524 3826 Almus
548 3785 661 3829 amans
684 3764 788 3850 Attis,
811 3769 869 3830 tua
891 3765 1035 3830 maxima
1057 3785 1148 3848 eura,
1171 3760 1310 3846 Cybebo,

409 3865 463 3930 Me
485 3889 579 3935 roseo
603 3871 682 3938 terit
704 3894 759 3937 ore
783 3872 878 3938 deous
900 3872 1054 3956 mollique
1077 3869 1206 3953 labello,

410 3973 628 4060 Accenditque
650 3982 725 4044 tuos
748 3977 877 4062 Idaeos,
900 3981 1012 4063 mater,
1036 3998 1176 4060 amores3

408 4078 461 4144 Me
484 4104 552 4148 non
573 4083 683 4153 felioee
706 4069 866 4151 animauit
888 4085 1021 4169 Marsya
1044 4082 1170 4166 Musas3

410 4186 462 4252 Me
486 4189 582 4256 iudex
605 4191 727 4257 formae
752 4191 820 4257 alta
843 4192 985 4278 gestauit
1007 4191 1041 4254 in
1063 4187 1135 4278 Ida5

409 4293 462 4360 Me
485 4297 564 4363 laeti
588 4299 710 4364 sociam
733 4301 803 4366 uoti
826 4300 933 4364 uicina
955 4297 1073 4363 marito

409 4401 481 4470 Eoo
504 4405 586 4471 lueis
609 4407 698 4472 oanit
719 4407 859 4473 inuitato
882 4406 942 4472 sub
966 4408 1048 4470 ortu.

730 4658 891 4668 W..
898 4658 995 4666 Ψ...-
