3626 5676
704 481 920 532 PROOEMIVM.
1428 485 1476 532 XV

236 642 360 710 Prioris
389 643 679 708 luculentissimum
710 645 806 730 longe
836 649 869 709 et
899 645 1120 730 plenissimum
1151 644 1312 728 specimen
1339 643 1478 708 habetur

151 749 235 814 libro
259 748 426 835 Beruensi,
449 772 511 834 quo
536 750 647 816 omnia
669 751 875 824 continentur
899 751 1042 814 carmina
1064 749 1204 835 Porfyrii
1226 753 1355 834 praeter
1377 750 1434 815 illa

439 922 447 929 “
479 971 484 986 „
620 895 626 904 ’
669 911 842 992 medeatur
864 911 962 975 minio

672 1017 766 1099 oqui
790 1016 965 1081 Tartareus.
998 1007 1004 1024 '

237 1173 400 1259 Alterum,
429 1151 614 1259 quostiam
646 1175 726 1240 haec
757 1175 949 1242 exhibentur
981 1175 1109 1241 omissis
1140 1179 1250 1239 tamen
1281 1176 1478 1260 prohoemiis

150 1284 334 1364 quaesunt

520 1389 644 1471 imerii
663 1391 765 1471 fustus

520 1501 594 1559 aaut
615 1501 725 1578 septem
748 1517 933 1594 normaeque
949 1516 1053 1580 pares,

147 1652 275 1718 Velseri
297 1653 486 1718 membrana
510 1657 543 1717 et
561 1653 709 1720 Parisina
732 1657 833 1720 altera
856 1661 906 1721 est
928 1659 1154 1741 propagatum.
1193 1655 1265 1720 Hoc
1288 1659 1325 1720 ut
1347 1657 1478 1740 integri-

146 1764 215 1825 tate
238 1763 343 1848 magis
366 1765 549 1846 praestans,
572 1761 619 1825 ita
645 1762 950 1847 interpolationibus
983 1767 1032 1826 est
1059 1759 1202 1827 deforme
1230 1759 1305 1847 (etsi
1332 1761 1384 1827 hio
1411 1762 1479 1827 illic

150 1869 286 1934 meliora
312 1870 447 1952 praebet
470 1891 567 1954 quam
595 1868 772 1934 Bernensis
797 1871 850 1933 uel
877 1870 946 1934 eius
971 1866 1107 1955 similes)
1130 1871 1163 1932 et
1185 1867 1290 1952 magis
1314 1869 1479 1952 aliquanto

152 1997 250 2059 quam
274 1979 348 2040 ante
371 1976 502 2040 turbato
525 1975 719 2061 paginarum
744 1977 853 2040 ordine
876 1976 1032 2060 legitimo.

238 2116 383 2182 Alterius
406 2120 443 2181 ut
466 2117 595 2202 generis
618 2117 688 2181 fata
711 2138 900 2202 persequar,
932 2118 1030 2182 etiam
1058 2140 1097 2182 ex
1125 2118 1300 2202 archetypo
1323 2117 1382 2182 tali
1403 2117 1480 2202 fere,

152 2223 242 2308 quali
264 2221 438 2288 Bernensis
462 2222 582 2317 codicis
605 2223 755 2288 librarius
778 2247 855 2289 usus
879 2225 938 2308 cst,
960 2225 1065 2309 magis
1088 2228 1199 2288 tamen
1218 2224 1350 2289 turbato
1374 2227 1407 2288 et
1429 2224 1480 2289 oui

152 2331 262 2394 omnia-
285 2330 423 2414 aessens,
447 2331 529 2414 quac
551 2329 587 2394 in
609 2330 671 2395 hoc
693 2329 846 2415 leguntur
868 2333 944 2414 post
962 2313 1232 2414 subscriptionem
1255 2332 1341 2396 infra
1362 2354 1479 2416 propo-

152 2437 300 2521 nendam,
324 2437 454 2501 ductum
480 2439 531 2501 est
553 2437 716 2520 exemplar
738 2435 934 2501 Vaticanum
957 2436 1079 2520 pariter
1101 2459 1139 2502 ac
1161 2438 1350 2503 membrana
1371 2436 1481 2502 Iureti.

153 2542 248 2608 Prior
270 2543 436 2608 Parisinus
461 2544 540 2628 quin
564 2567 602 2609 ex
623 2543 782 2608 Beruensi
806 2543 848 2608 sit
871 2543 1059 2628 descriptus,
1083 2544 1227 2610 adhibito
1250 2547 1361 2611 tamen
1384 2543 1480 2608 simul

151 2636 236 2714 libro
259 2647 465 2735 interpolato,
489 2650 592 2735 qualis
610 2649 674 2714 fuit
687 2648 823 2734 Velseri‚
841 2669 909 2714 non
926 2653 1037 2734 potest
1054 2649 1204 2734 dubitari,
1227 2673 1299 2715 oum
1318 2654 1353 2715 et
1369 2650 1480 2715 eadem

134 2757 248 2840 plane
273 2756 447 2842 eodemque
471 2756 584 2820 ordine
608 2759 740 2821 exarata
762 2755 797 2821 in
819 2759 955 2839 utroque
973 2757 1174 2840 reperiantur
1192 2757 1276 2823 libro
1297 2760 1329 2821 et
1346 2757 1481 2821 lacunae

152 2863 273 2928 codicis
300 2862 440 2928 Parisini
467 2863 502 2926 in
529 2862 668 2946 epistula
695 2861 836 2946 Porfyrii
865 2861 956 2947 origo
983 2863 1058 2927 inde
1084 2862 1171 2928 haud
1199 2863 1294 2928 dubie
1324 2863 1366 2927 sit
1393 2885 1480 2947 repc-

151 2970 262 3056 tenda,
291 2970 376 3054 quod
399 2992 538 3054 uersum,
562 2969 616 3054 qui
640 2963 779 3034 efficitur
801 2969 909 3034 uerbis
930 2969 1058 3033 omissis
1077 2969 1112 3033 in
1129 2967 1286 3033 Beruensi
1309 2968 1402 3052 libro,
1425 2991 1480 3033 ne-

151 3075 256 3160 glexit
283 3097 390 3141 errore
418 3076 546 3162 uulgari
575 3075 747 3140 admodum
774 3075 899 3140 incuria
927 3077 993 3140 eiua
1017 3075 1072 3159 qui
1096 3075 1268 3159 descripsit
1290 3075 1482 3140 Parisinum.

158 3180 308 3246 Ceterum
338 3183 520 3248 simillimus
543 3181 685 3246 Parisini
712 3182 776 3246 fuit
805 3183 887 3247 liber
909 3181 1051 3266 Pithoei,
1083 3185 1216 3266 excepto
1246 3181 1332 3266 quod
1361 3182 1484 3247 omissa

153 3292 246 3352 erant
268 3289 303 3353 in
326 3310 363 3354 eo
387 3310 533 3376 organon
557 3292 589 3354 et
611 3289 666 3353 illa

542 3461 543 3466 ’
633 3447 769 3531 Calliope
790 3470 864 3514 caue
880 3449 990 3532 plura,
1096 3471 1104 3480 ·

632 3558 713 3622 alnae
734 3558 824 3621 dcem
845 3557 963 3635 melodi,

153 3738 213 3782 nec
243 3716 350 3782 minus
381 3718 540 3801 epistulae
571 3698 713 3800 Porfyrii
746 3719 778 3780 et
808 3713 1025 3780 Constantini.
1078 3712 1264 3780 Carminum
1294 3699 1485 3800 paenultimi

154 3825 324 3910 ultimique
352 3824 438 3908 quod
466 3824 641 3908 permutati
669 3826 745 3888 sunt
771 3822 834 3887 loci
857 3822 892 3886 in
914 3821 1055 3886 editione
1077 3821 1219 3908 Pitheci,
1250 3822 1283 3886 id
1305 3844 1382 3886 uero
1406 3822 1484 3905 quin

153 3931 251 3996 huius
275 3932 419 3996 euenerit
442 3930 577 3995 arbitrio
601 3929 682 3994 mihi
705 3929 834 4014 quidem
855 3951 923 3994 non
945 3931 995 3992 est
1017 3927 1158 3992 dubium.

181 4049 185 4056 ’
245 4037 392 4123 Denique
416 4037 456 4101 ad
478 4037 563 4102 hano
586 4037 744 4101 familiam
767 4036 912 4101 codicum
935 4035 1077 4120 pertinet
1098 4035 1185 4098 liber¹
1202 4034 1414 4100 Monacensis.

245 4143 335 4208 Haeo
357 4145 499 4209 breuiter
522 4145 617 4210 modo
641 4147 794 4209 enarrata
817 4165 893 4208 uera
911 4164 981 4208 ease
1000 4146 1033 4206 et
1050 4141 1183 4206 indubia
1201 4140 1295 4205 facile
1314 4141 1485 4226 apparebit

159 4250 343 4335 legentibus
367 4273 509 4335 eaquae
533 4250 570 4314 de
595 4251 733 4336 singulis
756 4273 831 4316 mox
853 4252 1073 4334 proponentur
1096 4247 1259 4312 codicibus
1283 4247 1433 4332 Porfyrii.

245 4375 396 4442 Lectores
427 4398 446 4439 a
477 4376 605 4440 saeculo
633 4375 707 4439 inde
739 4374 817 4438 XVI
846 4374 1060 4457 paucissimos
1093 4375 1208 4437 nactus
1240 4375 1290 4436 est
1318 4371 1486 4456 Porfyrius

156 4505 275 4567 eosque
299 4504 338 4546 ex
361 4482 482 4546 maiore
504 4485 597 4564 parta
619 4481 805 4546 historicos:
836 4503 912 4545 nam
940 4479 1161 4565 grammaticis
1190 4482 1222 4543 et
1249 4478 1485 4564 lexicographia

22 4589 24 4660 i
157 4589 246 4686 omni
269 4589 391 4673 pariter
413 4592 558 4673 tempore
581 4588 644 4653 fuit
666 4589 810 4673 ignotus3
843 4590 876 4650 et
901 4609 941 4650 ne
969 4587 999 4651 ei
1021 4581 1150 4671 quidem
1174 4585 1228 4670 qui
1252 4585 1396 4650 carmina
1418 4586 1485 4650 eius

157 4699 245 4782 typis
270 4701 504 4782 expresserunt,
526 4717 681 4780 perquam
706 4695 813 4778 exigui
835 4693 884 4756 illi
906 4715 1056 4779 numero,
1080 4693 1159 4760 satis
1183 4691 1307 4757 curiose
1330 4692 1486 4776 legerunt.

24 4807 26 4852 l
156 4805 253 4872 Vnde
277 4803 312 4868 in
334 4803 557 4868 recentissima
578 4800 697 4886 Mignii
719 4799 906 4866 recensione
929 4798 1064 4866 Publius
1088 4801 1178 4867 audit
1200 4823 1260 4884 pro
1284 4798 1432 4863 Publilio.
1546 4861 1551 4868 .
