3626 5676
729 453 946 504 PROOEMIVM.
1440 459 1504 506 XXI

260 667 326 751 III,
360 668 376 731 1
411 624 580 733 summum.
626 667 661 748 5,
680 613 782 750 diiibs.
828 668 871 732 ib.
904 615 1027 754 gandii.
1072 669 1116 733 ib.
1150 627 1372 736 Constantius.
1420 672 1438 734 7
1470 615 1504 755 Ii.

774 805 799 840 q·
914 793 944 832 hc

171 847 215 912 n.
237 804 272 912 l}
294 803 448 931 laqueist
470 847 534 912 rue.
581 821 799 912 sincicum]
841 848 879 912 11
905 804 963 932 ai.
1011 848 1051 932 12
1074 794 1168 932 baiis.
1217 848 1258 912 14
1278 792 1325 932 t.

261 952 411 1019 Ceterum
433 953 520 1018 haud
543 954 711 1039 indignum
730 955 885 1018 memoria
904 953 1214 1038 interpolationibus
1232 954 1306 1020 istis
1324 954 1412 1020 haud
1429 977 1504 1020 raro

171 1061 342 1126 conuenire
371 1083 443 1125 cum
466 1060 776 1143 Velseriexcmplo,
809 1059 893 1144 quod
918 1060 1049 1124 ductum
1073 1059 1149 1146 fuit,
1182 1065 1219 1126 ut
1242 1061 1433 1146 memorari,
1465 1082 1505 1124 ex

171 1167 329 1232 deteriore
352 1167 447 1232 libro.
551 1195 562 1204 ·
958 1176 961 1182 '

259 1274 439 1340 Vaticanus
463 1273 563 1339 codex
586 1296 625 1338 ex
648 1274 888 1360 Reginensibus
911 1297 959 1339 nr.
976 1273 1039 1339 733
1064 1272 1148 1360 (siue
1173 1273 1278 1362 733b)
1302 1275 1504 1342 membrana·
1595 1320 1597 1324 -

173 1404 247 1446 ceus
272 1403 354 1446 saec.
373 1382 411 1450 X¹
427 1381 482 1446 fol.
507 1381 599 1446 form.
622 1381 707 1466 min,
739 1381 794 1465 qui
818 1381 992 1466 aliquando
1016 1381 1079 1445 fuit
1101 1381 1232 1466 Iosephi
1255 1382 1384 1467 Brodci,
1402 1404 1504 1466 paene

171 1491 261 1553 totus
293 1487 476 1553 uncialibus
508 1487 627 1553 litteris
660 1489 862 1572 conscriptus
895 1487 963 1571 illc,
999 1487 1141 1572 Porfyrii
1172 1488 1306 1572 praebet
1337 1489 1417 1553 haec
1449 1511 1504 1572 pa·

171 1595 256 1680 ginis
283 1595 324 1662 14
348 1598 480 1659 exarata
503 1591 644 1680 (Velseri
668 1616 783 1679 sequor
807 1594 957 1659 editionis
981 1591 1155 1678 ordinem):
1192 1617 1218 1659 c.
1241 1593 1265 1678 I,
1289 1593 1346 1679 VI,
1369 1594 1408 1679 V,
1432 1594 1503 1678 XV,

170 1700 276 1785 XXII,
299 1700 420 1785 XXIII,
444 1700 553 1785 XVII,
576 1701 653 1784 XX,
674 1699 794 1783 XXIV,
817 1700 919 1784 XXV,
943 1700 1099 1784 epistulas
1121 1700 1265 1786 Porfyrii
1288 1705 1321 1766 et
1344 1699 1504 1767 Constan-

171 1809 247 1893 cini,
280 1813 450 1893 utramque
479 1808 587 1873 calicis
616 1809 722 1896 forma
750 1809 919 1893 scriptam,
950 1830 975 1873 c.
999 1807 1190 1892 XXI,·VII,
1214 1807 1274 1893 XI,
1298 1805 1421 1891 XXVI,
1444 1807 1504 1892 lII,

168 1916 214 2000 X,
238 1915 329 2000 XVI,
353 1915 434 1980 VIII
457 1937 529 1980 cum
553 1915 684 1980 scholiis
708 1916 835 1980 additis.
872 1914 1045 1979 Fuerintnc
1070 1914 1242 1998 aliquando
1266 1916 1360 1999 plura
1382 1915 1417 1978 in
1440 1915 1503 1979 hcc

170 2022 277 2088 codice
302 2046 344 2088 au
366 2045 447 2108 non,
469 2025 605 2106 propter
627 2026 851 2108 tegumentum
875 2045 894 2086 a
917 2022 1116 2107 glutinatore
1140 2020 1285 2085 additum
1308 2020 1362 2084 uix
1384 2021 1504 2104 poterit

170 2129 307 2195 definiri.

258 2237 433 2322 Inscriptio
457 2237 534 2302 rna
556 2221 647 2303 talisi

170 2379 404 2468 PRpFAmo
437 2379 653 2444 PVBL1L11
678 2377 687 2445 Ξ
716 2375 983 2444 ΟΡΤΑΤΙΑΝΙ
1016 2375 1253 2442 PORFYRII
1277 2372 1286 2440 Ξ
1310 2375 1503 2442 PANIGI·

170 2493 315 2561 RIOVS
345 2491 354 2560 Ξ
384 2494 520 2560 DIO'E’
545 2491 555 2559 Ξ
584 2491 899 2560 CONSTANTIN
929 2489 937 2558 Ξ
969 2493 1021 2558 ΙΝ
1058 2490 1272 2558 AVGVSTI
1308 2488 1462 2557 LAVDE
1493 2489 1502 2558 Ξ

596 2607 782 2675 1N01P1r
813 2606 1084 2673 FELICITER.

259 2751 357 2816 Liber
380 2753 511 2817 minime
535 2751 742 2836 spernendus,
765 2755 801 2815 ut
824 2754 934 2815 tamen
957 2752 1145 2836 plerumque
1169 2751 1198 2814 ci
1221 2773 1293 2815 cum
1316 2751 1408 2815 libris
1433 2751 1501 2814 siue

170 2859 327 2924 Beruensi
347 2861 414 2924 siue
433 2858 621 2924 Pithceanis
641 2859 820 2924 conueniat.
866 2857 979 2944 Itaque
1004 2859 1081 2923 satis
1104 2857 1203 2922 habui
1227 2859 1378 2922 selectam
1402 2880 1440 2921 ex
1464 2879 1501 2922 ec

169 2966 321 3031 lectionis
340 2966 531 3030 uarietatem
552 2969 692 3030 enotare.
725 2963 921 3049 Oollatione,
945 2985 1041 3048 quam
1062 2988 1081 3028 a
1099 2965 1207 3050 Ieepio
1227 2987 1297 3030 csse
1321 2965 1501 3030 confectam

169 3094 268 3160 supra
291 3073 482 3155 memoraui,
506 3071 548 3136 ad
566 3069 692 3136 Velseri
716 3071 893 3155 exemplar,
917 3071 1003 3155 quod
1026 3071 1147 3154 prodiit
1171 3093 1197 3136 a.
1220 3072 1319 3155 1682,
1348 3072 1502 3155 adaptata

169 3201 246 3242 usus
271 3202 352 3245 sum.

258 3285 306 3349 De
330 3285 487 3349 Parisinis
511 3285 707 3350 membranis
731 3283 873 3368 primum
897 3284 1032 3349 a.1874
1055 3284 1371 3370 IosephiKQenigii,
1394 3285 1498 3370 philo-

168 3391 235 3477 logi
255 3392 417 3475 qucndam
431 3391 704 3475 Vindob'onensis,
728 3390 783 3474 qui
806 3413 891 3455 nunc
910 3390 1000 3476 degit
1018 3391 1052 3454 in
1070 3391 1132 3456 hac
1151 3390 1239 3476 urbe,
1262 3391 1410 3458 officiosa
1429 3416 1500 3456 sum

168 3498 300 3564 edoctus
324 3499 539 3582 humanitate,
563 3519 638 3575 mox
656 3497 726 3582 ipsc
744 3518 897 3581 praesens
915 3496 1049 3562 adhibui
1072 3498 1210 3584 easdem,
1234 3520 1379 3584 quaeque
1403 3499 1502 3584 digna

169 3604 355 3670 uiderentur
379 3605 534 3670 memoria
558 3604 695 3669 enotaui.

257 3710 286 3776 Ε
312 3713 428 3797 quibus
453 3713 565 3797 altera,
588 3733 669 3795 quac
687 3712 788 3778 habet
805 3734 976 3777 numerum
994 3712 1079 3777 inter
1097 3709 1231 3777 Latinas
1251 3713 1348 3798 2421,
1372 3715 1499 3779 saeculo

167 3817 292 3885 decimo
313 3819 430 3883 litteris
453 3817 667 3904 Carolingicis
689 3818 772 3883 belle
794 3820 925 3904 scripta,
943 3818 1147 3904 longitudine
1169 3818 1213 3884 35
1227 3820 1500 3905 centimetrorum,

167 3947 249 4009 quos
277 3929 398 3991 uocant
425 3924 524 4010 Galli,
557 3925 726 3990 latitudIne
758 3925 802 3991 25
834 3929 999 4010 constans,
1031 3925 1121 4009 prius
1150 3925 1300 3991 Rhabani
1330 3927 1431 3992 libros
1460 3927 1499 3992 de

167 4055 273 4118 cruce,
296 4047 372 4099 mox
396 4057 415 4098 a
437 4033 558 4118 pagina
580 4033 655 4097 inde
678 4034 722 4098 46
747 4055 840 4098 uersa
863 4034 1009 4098 continet
1031 4033 1139 4098 omnia
1163 4033 1330 4116 opuscula,
1354 4055 1435 4116 quae
1460 4056 1498 4097 cx

167 4162 226 4233 suno
249 4140 357 4205 codice
380 4145 585 4224 prompserat
599 4141 761 4225 Pithoeus,
785 4141 963 4224 etquidem
983 4141 1096 4206 eodem
1116 4140 1235 4223 ordine,
1259 4143 1393 4223 excepto
1413 4142 1498 4225 quod

165 4246 251 4341 inter
272 4244 319 4310 IX
343 4249 376 4310 et
398 4245 475 4312 XIV
499 4247 693 4330 interposita
717 4250 792 4311 sunt
815 4268 975 4332 organon,
1004 4247 1160 4331 epistulae
1183 4245 1390 4332 Porfyrii'et
1414 4242 1497 4312 Ocn-

166 4352 314 4438 stantini,
341 4375 472 4417 carmen
494 4351 622 4418 Velseri
645 4353 736 4438 XXI,
768 4354 855 4418 intcr
877 4352 974 4417 XVII
996 4357 1029 4417 et
1050 4351 1129 4418 XIX
1152 4353 1295 4420 eiusdem
1318 4351 1381 4418 III:
1416 4377 1498 4439 quae

168 4459 277 4524 omnia
300 4459 404 4544 uides,
437 4463 470 4524 ct
494 4460 622 4543 quidem
645 4462 728 4545 sola,
760 4460 888 4526 Pithoei
916 4459 1073 4524 contineri
1097 4462 1282 4546 appendice.
1327 4460 1499 4526 Praeterea

166 4566 319 4635 carminis
349 4566 455 4630 ultimi
486 4589 598 4633 uersus
625 4567 674 4631 IV
703 4567 802 4652 primi
832 4589 905 4632 cum
935 4566 1067 4632 scholiis
1096 4568 1231 4652 praefixi
1259 4570 1334 4633 sunt
1364 4569 1498 4632 carmini

166 4672 381 4757 paenultimo,
413 4677 450 4736 ut
481 4695 553 4738 cum
581 4675 644 4738 fine
673 4675 802 4740 chartac
831 4673 986 4739 aduersae
1015 4675 1240 4740 absolueretur
1267 4675 1402 4760 sylloge.
1447 4674 1498 4740 In-

166 4779 298 4864 scriptio
321 4779 401 4844 haec
422 4782 485 4845 cst:
510 4780 643 4846 Publilii
658 4780 825 4867 Optatiani
839 4780 967 4846 Pcrfirii
989 4781 1194 4867 panegiricus
1218 4781 1323 4846 dictus
1338 4780 1497 4848 Constan-
