3586 5678
235 2989 237 2992 .
338 2926 489 2992 deorsum
512 2949 642 2993 uersum
666 2925 861 2994 descendens

432 1065 478 1134 Et
498 1066 579 1134 haec
607 1069 728 1155 pagina
754 1069 895 1134 tricenas
923 1069 1037 1154 quinas
1064 1068 1191 1134 litteras
1213 1091 1272 1154 per
1295 1091 1406 1135 omncs
1430 1091 1544 1135 uersus
1568 1070 1673 1136 habet

341 1175 388 1240 Ilt
414 1179 465 1240 est
491 1176 615 1260 primus
642 1197 756 1242 uersus
783 1177 884 1242 minio
908 1178 1040 1260 smptus
1068 1197 1127 1262 per
1156 1176 1348 1242 amfractum
1378 1199 1398 1241 a
1427 1177 1536 1262 prima
1564 1177 1671 1241 littera

343 1304 443 1370 usque
467 1281 505 1348 ad
529 1283 680 1348 ultimam
703 1283 847 1350 litteram
869 1284 967 1369 primi
990 1305 1103 1348 uersus

597 1445 732 1528 Ficqere
754 1445 853 1510 Musa
875 1449 965 1528 queat
987 1445 1045 1510 toli
1065 1445 1095 1510 si
1115 1444 1252 1510 carmine
1273 1443 1387 1511 uultus.

342 1601 449 1670 Simili
468 1603 626 1670 amfractu
644 1628 701 1691 per
720 1604 966 1671 acrostichidem
985 1604 1020 1670 in
1033 1603 1182 1670 deorsum
1201 1626 1331 1670 uersum
1355 1626 1375 1670 a
1398 1604 1542 1684 secunda
1564 1605 1669 1670 littera

340 1733 441 1797 usque
465 1712 505 1778 ad
527 1734 629 1798 paene
652 1713 801 1780 ultimam

598 1875 748 1958 decocti,
771 1879 800 1940 et
821 1876 912 1940 metri
933 1879 963 1940 ct
983 1894 1091 1941 uermes
1113 1874 1345 1958 cccccccccc

339 2031 423 2099 Item
453 2034 552 2102 simili
581 2035 741 2100 amfractu
770 2033 906 2100 ultimus
936 2056 1050 2100 uersus
1081 2057 1100 2098 a
1130 2035 1237 2118 prima
1263 2034 1377 2114 litteral
1400 2055 1505 2120 usque
1533 2035 1573 2100 ad
1599 2035 1668 2099 ulti-

340 2163 427 2206 mam
450 2165 500 2207 sm
596 2229 686 2296 Pice:
709 2231 922 2296 elementorum
944 2231 1035 2295 uario
1051 2249 1111 2314 per
1132 2231 1252 2296 mecca
1275 2234 1365 2298 recu.

339 2391 492 2476 Adeoque
526 2390 642 2456 iterum
675 2391 748 2475 pari
780 2390 939 2456 amfractu
971 2391 1006 2455 iu
1037 2390 1241 2456 telostichide
1270 2412 1290 2456 a
1320 2389 1460 2456 secunda
1492 2389 1604 2455 littera
1632 2413 1666 2456 oc

339 2497 488 2564 deorsum
511 2521 640 2564 uersum
663 2519 765 2582 usque
788 2497 829 2564 ad
851 2519 954 2583 paene
977 2497 1126 2564 ultimam

601 2659 726 2725 Vincere
748 2658 893 2742 Apelleae
915 2657 1034 2725 ardebit
1050 2658 1171 2743 poqirrc
1193 2678 1285 2726 ceras.

340 2819 424 2885 Item
453 2820 495 2886 ab
523 2822 640 2886 octaua
667 2819 792 2886 decima
818 2818 916 2904 primi
938 2841 1050 2886 uersus
1072 2819 1183 2886 littera
1206 2818 1248 2885 ad
1270 2818 1425 2884 directum
1448 2841 1507 2904 per
1529 2818 1663 2885 medium
1764 2875 1765 2936 1

596 3085 743 3155 &ancia
765 3091 958 3170 quaerentur,
980 3087 1009 3155 si
1030 3087 1115 3154 oeteis
1138 3087 1219 3154 laeto
1242 3085 1386 3154 Camena.

337 3246 421 3313 Item
441 3248 482 3314 ab
502 3250 617 3314 octaua
636 3247 760 3314 decima
778 3247 1000 3314 acrostichidis
1019 3269 1078 3333 per
1094 3247 1235 3314 medium
1254 3247 1295 3314 ad
1313 3207 1468 3314 directum
1487 3270 1600 3315 uersus

566 3453 569 3460 »
596 3407 676 3475 Oreo
698 3409 795 3488 iuuet,
819 3429 911 3475 uersu
934 3407 1118 3492 musignano
1140 3428 1237 3473 cereo
1259 3409 1368 3474 saecla.

364 3553 369 3562 ¹
427 3568 467 3634 In
494 3569 556 3635 hac
583 3569 705 3656 pagina
733 3573 886 3654 quattuor
913 3569 1084 3655 hexagona
1114 3572 1190 3634 sunt
1216 3569 1286 3654 pari
1315 3591 1450 3635 numero
1478 3569 1661 3651 litterarum,

338 3680 371 3741 et
394 3669 467 3744 octo
491 3677 674 3762 orthogona
698 3677 839 3763 adaeque
857 3677 929 3761 pari
947 3699 1081 3742 numero
1099 3676 1281 3742 litterarum
1299 3697 1356 3759 per
1376 3675 1521 3760 singulas
1540 3676 1660 3740 litteras

336 3785 513 3852 crescentia
535 3785 588 3850 uel
611 3783 837 3852 decrescentia
