3626 5676
747 513 964 562 ruoomssvru.
1466 518 1517 563 111
1557 569 1560 580 ,

278 673 384 758 Igitur
406 673 574 759 Porfyrius
597 671 658 760 (ita
678 673 747 758 ipse
770 695 890 740 nomen
913 677 1006 741 suurn
1029 673 1156 740 uidetur
1178 672 1369 761 scripsisse),
1391 675 1430 739 de
1454 696 1516 759 quo

189 779 386 864 paucissima
408 781 503 846 nobis
528 783 603 844 sunt
625 779 746 845 tradita
769 784 897 864 praeter
915 804 954 846 ea
972 781 1268 867 quaecarminibus
1287 781 1354 846 suis
1373 781 1518 866 inseruit,

190 884 397 962 Constantini
419 885 532 971 Magni
560 889 705 970 tempore
732 888 850 952 florens
878 888 949 977 ille,
981 910 1044 971 qua
1071 886 1178 976 patria
1206 908 1310 971 quoue
1334 907 1449 973 genere
1473 888 1517 951 sit

189 996 285 1056 natus
315 1015 382 1056 non
413 992 492 1056 satis
523 996 696 1075 comparet.
742 993 848 1079 Magis
879 996 989 1058 tamen
1018 1016 1070 1057 res
1101 996 1189 1058 certa
1218 993 1256 1057 de
1286 997 1374 1058 terra
1403 993 1515 1060 natali.

189 1097 301 1182 Neque
331 1098 417 1162 enim
444 1099 520 1162 falsi
547 1099 696 1164 uidentur
719 1100 782 1184 illi,
810 1101 864 1183 qui
887 1099 1000 1164 Africa
1023 1122 1096 1164 eum
1120 1100 1291 1165 oriundum
1314 1121 1384 1164 esse
1408 1101 1515 1166 existi-

189 1208 333 1288 marunt,
365 1205 471 1269 minus
495 1205 622 1289 quidem
650 1206 735 1288 ideo,
768 1207 854 1289 quod
877 1197 1045 1290 plerosque
1069 1206 1206 1290 Optatos
1231 1207 1298 1270 siue
1322 1205 1515 1290 Optatianos

188 1311 221 1374 in
245 1309 357 1375 Africa
379 1311 525 1376 floruisse
549 1305 664 1375 asserit
687 1311 940 1396 Wernsdorfius,
963 1334 1059 1395 quam
1084 1312 1125 1376 ob
1148 1311 1233 1376 hanc
1257 1333 1396 1384 causam.

157 1445 160 1452 ·
276 1415 401 1500 Nempe
432 1439 544 1481 uersus
573 1419 749 1500 anacyclici
771 1417 876 1483 Iorfiri
906 1418 960 1502 qui
984 1416 1186 1482 Salmasiano
1211 1417 1319 1482 codice
1342 1420 1515 1504 propagati

187 1523 221 1586 in
250 1523 440 1608 anthologia
468 1526 580 1587 extant
602 1523 719 1588 Latina
747 1522 823 1608 (III,
847 1525 888 1588 89
900 1523 936 1587 B.
960 1524 1024 1588 236
1035 1522 1092 1608 M.)
1121 1524 1198 1606 quin
1219 1527 1304 1588 recte
1327 1524 1514 1589 tribuantur

187 1629 350 1714 Porfyrio,
371 1651 438 1694 non
460 1630 588 1694 uidetur
611 1651 681 1694 esse
700 1630 920 1695 dubitandum.
951 1628 1022 1693 Iam
1041 1637 1118 1692 uero
1138 1651 1249 1698 omnes
1270 1629 1412 1715 sylloges
1432 1653 1513 1714 quae

186 1735 257 1800 istis
279 1736 475 1800 membranis
498 1737 618 1800 tradita
640 1740 690 1800 est
713 1740 869 1820 auctores,
892 1757 1028 1821 quorum
1047 1733 1085 1797 de
1105 1734 1210 1816 patria
1229 1736 1363 1819 constet,
1385 1741 1514 1820 praeter

186 1842 321 1905 nomina
348 1842 600 1906 clarissimorum
629 1845 798 1926 poctarum
827 1864 908 1928 quae
935 1844 1021 1912 10010
1049 1862 1106 1904 seu
1134 1861 1224 1905 secus
1252 1841 1298 1905 ibi
1332 1847 1514 1927 occurrunt,

189 1947 335 2034 Vergilii,
353 1948 524 2032 Propertii,
544 1948 659 2032 Ouidii,
677 1948 846 2032 Martialis,
865 1947 1012 2030 Senecae,
1036 1947 1116 2011 satis
1135 1950 1271 2030 apparet
1288 1947 1390 2012 fuisse
1405 1948 1513 2034 Afros,

186 2055 275 2119 facili
298 2059 342 2119 ut'
358 2055 471 2119 ductus
496 2049 680 2120 coniectura
708 2077 780 2118 cum
803 2055 934 2138 reliquis
959 2055 1057 2118 etiam
1080 2052 1265 2137 Porfyrium
1288 2053 1380 2118 illum
1403 2055 1514 2120 eadem

185 2161 374 2245 prouenisse
392 2165 480 2226 terra
499 2161 671 2225 existimes.
704 2161 748 2226 Et
766 2161 872 2245 Afros,
895 2165 932 2224 ut
956 2163 1032 2224 suut
1054 2163 1173 2224 natura
1196 2157 1364 2245 singulari,
1387 2157 1513 2244 semper
1555 2239 1564 2252 ι

186 2270 279 2330 uasta
302 2270 334 2330 et
357 2267 559 2331 incredibilia
583 2268 773 2350 concupisse
795 2267 860 2352 ipsi
884 2267 1001 2332 docent
1023 2265 1197 2348 scriptores
1221 2265 1438 2332 ecclesiastici.

274 2373 460 2456 Porfyrium
484 2373 568 2436 inter
591 2374 749 2457 primores
773 2371 874 2438 fuisse
898 2373 1039 2438 ciuitatis
1063 2373 1135 2455 ipsa
1158 2393 1255 2456 quarn
1280 2370 1509 2438 Constantinus

185 2479 226 2546 ad
250 2500 322 2543 eum
347 2479 434 2542 dedit
457 2479 598 2562 epistula
621 2480 862 2562 comprobatur:
886 2501 989 2562 neque
1013 2479 1099 2542 enim
1122 2478 1266 2561 plebeiae
1289 2479 1388 2541 sortis
1411 2478 1513 2543 homi-

183 2607 258 2650 nem
280 2585 391 2650 fratris
414 2585 574 2650 carissimi
600 2585 815 2668 appellatione
839 2585 1029 2668 dignaturus
1053 2584 1117 2648 fuit
1139 2585 1322 2667 imperator.
1363 2581 1512 2651 Ceterum

183 2693 238 2756 ille
266 2693 301 2756 in
330 2691 461 2756 exilium
490 2695 580 2756 actus
607 2691 739 2756 incertis
764 2691 883 2774 causis,
911 2712 1005 2775 quas,
1037 2695 1074 2755 ut
1101 2691 1178 2756 olim
1207 2689 1306 2754 simili
1329 2691 1512 2756 calamitate

184 2798 347 2881 collapsus
371 2797 520 2881 Ouidius,
548 2799 667 2881 partim
694 2797 793 2862 falsas
815 2797 915 2861 fuisse
938 2799 1112 2880 memorat,
1139 2781 1258 2878 partim
1286 2795 1382 2860 leues.
1428 2795 1513 2861 Nam
1596 2881 1601 2890 .

183 2905 231 2968 110
254 2905 357 2968 sitin
380 2904 519 2989 quodam
542 2905 698 2969 carmine:

443 3048 555 3128 respice
578 3067 625 3111 mc
645 3047 727 3128 falso
750 3047 785 3110 dc
808 3045 949 3120 crimine,
972 3047 1106 3110 10001100
1129 3049 1233 3124 rector,

441 3153 539 3216 crutis
562 3153 716 3234 afflictum
732 3173 843 3234 pccrcc.
879 3171 956 3215 nem
978 3156 1075 3215 cetere
1097 3172 1207 3216 causac

440 3279 524 3322 00110
547 3259 660 3322 obiectu
682 3257 761 3321 mibi
782 3258 889 3334 uenio,
912 3257 1085 3322 accendite
1107 3278 1229 3335 000100,
1258 3314 1261 3326 ,
1372 3267 1376 3276 ‘

306 3421 310 3424 .
439 3365 527 3428 ciacc
543 3365 603 3446 pio
624 3369 654 3428 ct
674 3365 762 3428 solite
785 3385 935 3446 superous
956 3365 1072 3444 fetalia
1094 3369 1173 3428 cute

442 3476 545 3534 suactc
568 3472 617 3535 tut
636 3471 720 3535 uotis
743 3469 858 3535 Caesar
880 3471 1022 3535 miserem
1044 3491 1175 3535 0000000.

246 3607 250 3612 ’
272 3612 353 3676 Vtut
376 3635 428 3676 res
451 3611 560 3694 habet,
583 3613 652 3676 lare
676 3634 734 3675 suo
758 3614 791 3674 et
813 3614 890 3676 nato
914 3611 1062 3676 orbatum
1086 3613 1121 3676 in
1144 3611 1274 3676 exilium
1292 3611 1339 3675 ire
1358 3613 1513 3698 oportuit,

140 3737 144 3743 ·
182 3720 340 3810 incertum
363 3741 436 3802 quo,
458 3719 521 3782 nisi
545 3718 630 3803 quod
652 3719 759 3783 locum
782 3723 847 3782 non
872 3719 977 3802 magis
1003 3719 1103 3782 fuisse
1126 3740 1295 3782 amoenum
1319 3739 1414 3800 quam
1434 3719 1511 3783 olim

182 3824 276 3889 Tomi
304 3825 367 3888 uisi
395 3828 471 3889 sunt
497 3823 622 3889 Nasoni
651 3825 720 3907 ipse
750 3827 860 3907 aperte
889 3823 1065 3888 declarauit
1088 3824 1122 3888 111
1144 3823 1343 3908 praefatione
1365 3822 1417 3887 his
1441 3846 1511 3888 uer·

182 3930 288 3994 sibus:

438 4036 492 4101 bos
514 4037 636 4102 babitus
658 4037 741 4100 crutis
758 3999 936 4118 praecaria
957 4038 1027 4116 fcta
1049 4041 1218 4099 0100001011

440 4143 497 4206 auc
520 4143 601 4206 locas
624 4142 678 4206 bec
699 4142 808 4206 salom
824 4142 982 4224 praebuit,
1005 4143 1085 4206 ande
1107 4142 1202 4205 cenis,

270 4282 376 4370 Igitur
405 4304 527 4368 angore
555 4305 685 4367 peresus
715 4305 752 4346 ac
779 4282 997 4366 praesentium
1025 4305 1132 4346 rerum
1154 4280 1260 4346 taedio
1285 4281 1510 4349 difficillimum

182 4412 263 4474 opus
291 4401 464 4475 aggressus
492 4393 554 4472 cst,
587 4389 621 4452 in
649 4411 712 4472 quo
737 4389 815 4473 quin
837 4409 895 4472 per
918 4391 970 4452 sat
992 4388 1112 4453 multos
1140 4388 1264 4453 sudarit
1291 4411 1417 4454 menses
1445 4413 1512 4455 non

181 4498 290 4580 potest
313 4495 467 4578 dubitari,
489 4495 719 4580 panegyricum
743 4494 958 4560 Constantino
981 4494 1170 4578 imperatori
1193 4495 1344 4580 dicatum,
1367 4518 1462 4581 quem
1484 4496 1512 4559 si

181 4602 278 4666 modo
306 4622 459 4685 peruersa
486 4601 725 4686 accuratissime
754 4605 903 4666 executos
931 4601 1039 4686 aliqua
1066 4601 1159 4666 laude
1183 4601 1299 4688 dignos
1326 4602 1511 4686 putabimus

181 4730 248 4773 non
271 4708 362 4772 decet
384 4707 553 4791 praeteriri
577 4707 713 4772 silentio.
746 4707 879 4772 Etenim
902 4703 1027 4772 utnon
1050 4708 1161 4793 magni
1184 4708 1328 4793 spiritus,
1350 4709 1396 4773 ita
1417 4709 1511 4772 haut-

184 4835 348 4898 quaquam
376 4813 488 4898 inepte
520 4816 596 4878 sunt
628 4814 783 4897 opuscula
814 4813 967 4897 pleraque
999 4813 1056 4879 sed
1087 4836 1170 4900 quae
1201 4816 1412 4899 plurimorum
1445 4835 1512 4879 car-
