3626 5676
301 419 413 466 XXXIV
838 421 1107 471 COMMENTARIVS

392 581 421 662 3,
444 579 465 644 4
489 581 566 646 tatia
589 601 731 660 manao,
757 581 870 663 fleaoso
894 583 1015 648 tramite
1031 583 1219 666 perscripta.
1258 587 1328 649 erat
1351 606 1423 650 eum
1447 585 1644 668 conicerem,

303 689 380 752 dicet
401 709 497 753 airroo
519 691 603 754 notis
625 709 763 753 mnnera.

392 797 412 858 6
435 796 530 859 Ponti
552 797 711 873 nobilitas,
735 796 924 866 Nicomedia.

393 903 421 984 7,
445 903 464 966 8
502 901 541 966 ef.
565 923 647 987 quae
671 905 747 966 sunt
770 903 857 968 dieta
880 904 920 968 ad
943 903 1007 985 Ill,
1033 907 1082 969 13.

392 1009 411 1071 9
435 1029 594 1091 sanposo,
616 1009 764 1092 difficilis.
789 1049 830 1058 -
849 1013 983 1094 noaino,
1006 1033 1138 1076 tarmen.

394 1115 582 1200 lOdisserat,
592 1115 703 1195 ef.e.V,
712 1117 834 1200 7‚8;27
845 1121 878 1180 et
886 1117 1209 1182 aliorumearminum
1217 1118 1306 1182 locos
1316 1119 1437 1184 similes
1446 1119 1640 1203 complures.

392 1221 431 1304 V,
454 1223 565 1304 3—73
596 1222 676 1286 haee
700 1226 850 1306 spectant
872 1223 913 1287 ad
937 1223 1098 1290 deuictum
1122 1223 1283 1288 Licinium
1307 1228 1340 1288 et
1362 1227 1529 1308 receptum
1553 1223 1640 1289 Hor-

306 1326 447 1409 misdan,
471 1328 557 1412 regis
580 1326 754 1392 Persarum
777 1328 890 1393 filium.

393 1434 412 1495 9
437 1434 523 1511 otim,
546 1436 727 1500 iandndnm.

394 1542 432 1604 11
452 1545 525 1622 post
544 1546 618 1605 nota
641 1544 786 1626 tropaeis,
809 1544 830 1606 i.
854 1565 881 1608 e.
898 1549 970 1626 post
991 1550 1065 1608 nota
1086 1547 1122 1609 in
1144 1545 1309 1608 ntetoriam
1333 1549 1419 1608 tnam
1439 1545 1533 1624 faeta.

395 1647 434 1710 13
446 1684 480 1694 -·
493 1647 533 1711 15
555 1647 594 1711 de
613 1648 713 1712 uariis
732 1648 944 1714 barbarorum
964 1651 1005 1714 ed
1024 1647 1276 1715 Constantinum
1296 1649 1515 1733 legationibus
1534 1649 1634 1713 refert

302 1752 466 1818 Eusebius
490 1754 524 1818 in
546 1754 616 1818 uita
639 1751 749 1819 (tonet.
772 1753 829 1839 IV,
854 1756 883 1839 7,
906 1756 936 1820 8.

393 1858 435 1922 15
457 1861 565 1922 omnia
587 1860 669 1923 taeta
692 1881 778 1924 nom.
1357 1929 1361 1932 ,

394 1965 434 2028 16
458 1966 547 2047 bono,
564 1985 721 2048 prospero.
744 2003 786 2010 —
811 1966 1013 2051 indemnia,
1036 1970 1073 2031 ut
1095 1969 1250 2053 earmina,
1273 1991 1381 2036 iter-sas
1404 1971 1516 2034 indere.

395 2071 434 2136 18
458 2073 611 2136 nirtntnm
633 2071 830 2157 iungendum
854 2095 925 2138 oum
943 2076 1096 2155 proemia.

392 2178 436 2241 20
460 2179 549 2242 tanto
571 2180 648 2260 qnid
669 2180 811 2243 earmina
833 2182 944 2262 carpis.
991 2179 1069 2245 haee
1093 2185 1151 2243 aut
1173 2181 1221 2244 ita
1244 2181 1444 2264 accipienda:
1467 2182 1544 2262 qnid
1563 2183 1632 2246 niro

303 2283 468 2368 triumphis
489 2286 573 2350 onero
595 2288 688 2351 noetis
711 2288 865 2366 earmina,
896 2287 1006 2369 qntbns
1028 2308 1091 2352 non
1112 2294 1187 2370 caet,
1219 2291 1277 2352 eut
1303 2289 1380 2370 qnid
1405 2307 1444 2351 eoo
1472 2286 1634 2368 triumphis

301 2391 368 2453 aot
390 2393 476 2456 omni
499 2393 589 2458 tanede
611 2394 783 2458 maioribus
800 2395 882 2476 petis
904 2395 1068 2458 materiam
1091 2396 1274 2459 eorminnm.

391 2499 435 2562 22
455 2500 540 2581 fonte
562 2521 617 2565 sno
640 2501 747 2584 suppl.
770 2523 799 2565 a.
825 2538 863 2546 —
890 2507 936 2580 tn,
959 2501 1066 2566 Maso.

391 2607 448 2690 23,
471 2608 515 2670 24
547 2612 604 2670 ant
629 2609 658 2671 si
680 2609 762 2688 qnod
781 2609 914 2690 perferet
935 2607 1061 2686 eredens,
1083 2609 1188 2672 moins
1210 2628 1286 2690 opns
1308 2613 1440 2692 nectens,
1461 2629 1549 2673 mens
1572 2614 1633 2672 toto

301 2713 380 2777 mete
401 2713 529 2790 subibit
553 2713 632 2778 haee
656 2713 703 2776 ita
726 2712 878 2776 uidentur
901 2733 972 2776 esse
996 2712 1199 2796 explicanda:
1222 2714 1378 2796 siApotto
1396 2715 1526 2778 maioris
1542 2716 1633 2778 etiam

206 2896 209 2900 Ι
302 2821 431 2900 spiritns
452 2839 576 2884 cannen
598 2821 641 2883 ad
661 2839 709 2883 me
721 2820 896 2904 pertuterit,
919 2839 1004 2884 mms
1026 2839 1095 2884 moa
1117 2821 1202 2884 omni
1223 2821 1390 2885 intentione
1412 2841 1535 2902 operam
1558 2841 1632 2884 oom-

223 2997 224 3000 ,
301 2927 429 2990 mimam
451 2924 571 2990 senne.
881 2915 884 2920 ’

391 3032 431 3096 31
456 3031 599 3098 Rttennm
621 3032 882 3114 Rhodanumque·
906 3031 986 3096 haee
1009 3032 1074 3096 nisi
1097 3055 1136 3096 ex
1160 3032 1219 3096 Ou.
1233 3035 1362 3096 metam.
1377 3025 1423 3116 ΙΙ,
1437 3032 1502 3098 558
1527 3037 1633 3097 essent

301 3140 423 3220 traete,
446 3139 529 3203 mira
550 3143 680 3223 poterat
702 3139 805 3203 uideri
828 3139 949 3203 iniecta
972 3138 1123 3203 Rhodani
1147 3139 1277 3204 mentia.
1512 3135 1517 3143 ’

392 3245 434 3309 32
457 3247 612 3330 ottonom,
636 3247 655 3310 i.
679 3268 705 3310 e.
728 3249 837 3312 dextro
859 3246 961 3311 Romi
984 3247 1064 3328 ripa.

392 3352 444 3436 33,
458 3353 502 3417 34
524 3358 627 3417 sonate
634 3373 729 3434 anim
746 3351 1004 3436 Constantinum,
1019 3349 1127 3435 Orispi
1141 3351 1289 3434 fratrem,
1304 3349 1488 3436 alloquitur.
1511 3353 1633 3436 reliqua

302 3459 349 3522 ito
363 3459 592 3544 intellegenda:
616 3465 649 3522 tn
671 3462 715 3524 od
735 3465 854 3525 tantam
877 3461 1006 3542 quietem
1027 3479 1095 3541 spes
1116 3459 1175 3522 rite
1193 3459 1289 3522 missa
1312 3479 1343 3522 os
1360 3479 1398 3522 en
1409 3459 1483 3541 poto
1496 3459 1632 3523 emeretis.

392 3566 435 3630 34
459 3565 658 3631 Constantine
680 3566 786 3650 ipsum
811 3565 995 3652 Augustum
1019 3565 1202 3649 alloquitur.

326 3709 331 3716 -
393 3673 492 3738 sohol.
516 3675 625 3738 denoto
644 3673 763 3756 aanctto
785 3671 1635 3755 nomin.—pin9ons,deptn9ens‚desoritens.—summe

298 3800 427 3862 ponens,
446 3781 486 3844 ad
505 3780 617 3845 Iouem
637 3801 811 3845 conuersus
831 3781 890 3865 ait,
913 3786 951 3846 ut
969 3779 1049 3844 Hor.
1067 3780 1143 3860 motet
1154 3779 1248 3860 prins
1265 3780 1366 3842 dream
1384 3778 1483 3842 solitis
1494 3779 1635 3860 parentis

304 3887 445 3952 tantitas
469 3909 495 3950 e.
509 3908 538 3970 q.
554 3908 578 3950 s,
602 3889 635 3949 et
657 3884 777 3951 Seneca
800 3889 858 3952 dno
881 3908 897 3950 o
916 3906 1033 3968 parens
1055 3885 1185 3966 oetsiqno
1206 3885 1383 3950 dominator
1403 3885 1476 3966 poti.

392 3991 452 4078 VI,
480 3995 500 4058 3
528 4014 638 4076 nomen
665 3995 745 4076 nait,
773 3993 879 4057 Mimo.
924 3994 1018 4073 qaino
1044 3992 1101 4056 snb
1130 3993 1247 4070 limine,
1277 3991 1353 4074 quia
1381 4011 1494 4054 uersus
1521 3990 1633 4054 intexti

305 4099 413 4184 quinis
436 4105 588 4164 constant
610 4101 728 4164 uerbis.

393 4207 415 4270 4
437 4211 556 4288 septeno
579 4208 683 4286 limite,
706 4207 783 4291 quia
802 4207 932 4292 singula
946 4228 1057 4272 eorum
1071 4206 1173 4270 uerba
1187 4205 1329 4289 septenis
1345 4201 1496 4269 eonsta'nt
1510 4203 1634 4268 littorio.

395 4313 435 4378 13
459 4314 586 4396 otanctit,
609 4314 716 4380 Maso.

396 4419 445 4502 18,
469 4419 520 4502 23,
544 4421 586 4483 26
610 4420 782 4505 Campona,
805 4421 984 4503 Maryensis
1007 4422 1090 4500 boni,
1113 4421 1270 4485 Bononia.
1319 4421 1469 4503 spectant
1491 4417 1571 4481 haee
1595 4416 1635 4480 ad

304 4525 458 4590 uictorias
486 4525 520 4588 in
543 4525 712 4591 Pannonia
740 4548 777 4591 ao
799 4526 924 4592 Moesia
953 4527 991 4591 de
1016 4525 1173 4592 Sarmatis
1202 4528 1253 4590 uel
1284 4527 1375 4592 Getis
1404 4526 1587 4609 reportatas
1616 4546 1635 4586 a

304 4631 520 4699 Constantino
545 4637 620 4698 onte
643 4635 763 4699 bellum
787 4657 858 4699 oum
882 4633 1007 4700 Licinio
1031 4635 1177 4700 alterum.

393 4739 536 4805 31—35
559 4740 614 4806 hie
637 4742 726 4806 loeus
751 4742 798 4806 ita
821 4742 949 4806 uidetur
973 4765 1043 4807 esse
1067 4742 1286 4828 accipiendus:
1310 4741 1421 4824 Maso,
1443 4757 1638 4822 qrmemnqno
