3626 5676
610 1101 946 1176 TESTIMONIA
982 1103 1050 1176 DII
1087 1103 1363 1180 PORFYRIO.

415 1295 616 1381 Porphyrius
626 1296 726 1362 misso
737 1297 777 1362 ad
788 1295 1038 1364 Constantinum
1047 1297 1171 1384 insigni
1184 1297 1349 1363 uolumine
1363 1297 1477 1364 exsilio
1492 1298 1655 1363 liberabor.

414 1402 633 1487 Hieronymus
655 1403 691 1467 in
715 1403 873 1469 chronicis
898 1403 938 1467 ad
962 1425 1083 1468 annum
1106 1400 1315 1468 Constantini
1337 1401 1459 1468 XXIII.

413 1509 586 1575 Praeterea
614 1513 689 1574 suni
716 1512 892 1574 metrorum
920 1531 1040 1596 genera
1067 1510 1232 1594 perplura,
1265 1531 1345 1594 quae
1377 1509 1412 1574 in
1439 1510 1532 1576 libris
1556 1511 1653 1576 ceuli-

324 1621 500 1682 mebrorum
534 1617 734 1700 simplicibus
766 1621 948 1681 monstratu
979 1615 1148 1700 exemplis,
1180 1615 1315 1700 quisque
1347 1616 1469 1700 cupiet,
1505 1616 1654 1700 reperiet.⁴

323 1721 540 1807 Reperiuniur
568 1722 725 1807 quaedum
758 1727 791 1786 cI
821 1723 855 1787 in
886 1723 1007 1810 insigni
1034 1723 1198 1788 uolumine
1226 1721 1400 1807 Porphyrii
1428 1726 1559 1806 poetae,
1590 1745 1652 1807 quo

324 1829 364 1892 ad
378 1827 628 1895 Constantinum
642 1830 826 1915 Augustum
850 1831 949 1894 misso
973 1830 1092 1894 meruit
1114 1827 1152 1894 de
1176 1827 1272 1894 exilio
1293 1829 1434 1894 liberari.
1472 1826 1560 1904 Quae
1578 1829 1652 1913 quis

323 1957 453 2022 pagena
477 1941 569 2001 erant
591 1959 652 2003 nos
674 1940 808 2022 iungere
830 1958 897 2001 non
918 1936 1023 2002 libuit.

413 2042 503 2108 Beda
526 2044 565 2108 de
588 2043 700 2108 metris
722 2063 776 2128 pg.
798 2043 894 2109 2380.

413 2149 544 2236 Siquem
566 2153 675 2214 autem
697 2153 820 2235 moueb,
846 2171 920 2216 cum
942 2149 1193 2237 uniuscuiusque
1216 2151 1355 2237 paginae
1378 2173 1492 2217 uersus
1511 2151 1651 2216 ciusdem

325 2257 452 2322 numeri
475 2257 655 2322 describere
678 2257 883 2342 decreuerim,
905 2280 963 2322 cur
986 2258 1111 2342 aliquas
1129 2262 1224 2324 notas
1244 2259 1313 2323 siue
1331 2262 1472 2344 punctos
1491 2258 1537 2323 eis
1555 2259 1652 2322 inter-

324 2365 493 2449 seruerim,
517 2369 676 2450 ugnosoat
694 2387 745 2429 me
763 2364 824 2430 hoe
842 2386 909 2430 non
927 2365 995 2430 tum
1014 2366 1208 2432 necessitate
1227 2387 1324 2450 quam
1342 2365 1510 2432 uoluntate
1528 2364 1651 2448 fecisse,

323 2475 361 2535 ub
382 2471 519 2536 lucidior
547 2493 661 2536 sensus
689 2475 723 2538 ei
749 2471 870 2536 locutio
899 2454 933 2536 in
960 2473 1006 2536 eis
1033 2472 1134 2538 ficreh
1170 2495 1212 2537 ne
1234 2471 1297 2537 hoc
1320 2472 1450 2557 quidem
1472 2473 1571 2558 uulgo
1592 2494 1651 2536 nec

324 2579 511 2663 frequenter
532 2578 596 2644 feci
618 2599 678 2643 nec
702 2579 771 2644 sine
795 2579 988 2644 auctoritaie
1011 2580 1180 2646 maiorum.
1224 2577 1310 2644 Nam
1333 2601 1400 2646 uon
1422 2579 1573 2644 recordor
1596 2579 1652 2644 ali·

323 2685 398 2751 cubi
421 2708 474 2752 me
496 2686 613 2752 fecisse
636 2687 670 2750 in
693 2686 774 2770 ipsis
798 2685 945 2751 uersibus
968 2689 1106 2770 punctos
1129 2687 1193 2752 nisi
1215 2686 1272 2750 ubi
1287 2685 1390 2770 ‘quse'
1404 2707 1582 2775 pronomen
1599 2686 1649 2748 uel

324 2791 417 2877 ‘que'
446 2793 629 2859 coniunciio
657 2793 720 2858 fuir
748 2793 801 2858 uel
824 2792 894 2858 ‘us'
917 2792 1023 2858 finalis
1052 2793 1180 2878 syllaba
1203 2791 1369 2877 dictionis,
1401 2793 1487 2876 quod
1510 2791 1594 2858 idem
1618 2795 1649 2856 et

324 2897 529 2985 Porphyrius
552 2901 639 2985 fecii,
663 2901 839 2966 secundum
862 2899 951 2964 cuius
975 2900 1137 2984 exemplar
1158 2897 1285 2964 liblerus
1310 2921 1462 2999 spargere
1485 2898 1590 2965 didici.

416 3005 594 3072 Rhabauus
622 3007 658 3073 in
678 3008 817 3093 prologo
840 3006 917 3071 libri
941 3007 1119 3072 carminum
1142 3006 1181 3071 dc
1202 3006 1353 3072 laudibus
1377 3003 1515 3071 Sanciae
1529 3003 1648 3071 Crucis.

412 3112 533 3178 Othoni
556 3136 682 3198 quoque
705 3113 895 3199 imperatori
918 3113 1090 3198 epistolam
1112 3113 1386 3196 ...conscripsit
1406 3164 1412 3177 .
1431 3163 1438 3177 .
1458 3112 1577 3177 .nullis
1601 3135 1648 3176 sa-

326 3203 485 3304 pieritium
516 3219 610 3284 istius
642 3219 799 3302 temporis
831 3218 1084 3303 comparandam
1120 3218 1331 3303 carminibus,
1364 3242 1404 3284 ex
1425 3218 1647 3304 Porphyriano

326 3325 438 3408 ubique
462 3325 524 3390 sibi
547 3324 655 3391 codice
679 3325 843 3410 exemplar
866 3348 1006 3391 sumens.
1041 3321 1127 3390 hunc
1149 3329 1284 3390 'uersum
1312 3326 1482 3390 materiam
1504 3329 1537 3390 et
1559 3326 1648 3410 quusi

322 3432 568 3499 fundamentum
590 3433 692 3499 bobius
715 3433 886 3498 const'tuii
908 3433 1030 3518 operis:
1170 3421 1172 3426 ¹

596 3576 665 3642 ouo
686 3577 795 3641 ualens
818 3559 1070 3642 caesarensem
1093 3581 1126 3640 tra
1149 3577 1216 3642 cede
1237 3574 1381 3642 colurno.

414 3718 598 3805 Aymoinus
621 3717 660 3783 de
679 3718 816 3784 Abboue
839 3718 1044 3785 Florisoensi·
1060 3743 1091 3804 p.
1106 3720 1169 3784 331
1195 3719 1412 3786 bibliothecae
1435 3720 1556 3787 ueteris
1578 3719 1646 3785 Flo·

322 3828 487 3914 riacensis,
510 3848 592 3913 quae
614 3826 736 3911 prodiit
758 3825 907 3912 Lugduni
930 3849 958 3891 a.
984 3826 1078 3892 1606.

410 3934 548 4002 Ioannes
572 3933 706 4000 Siabius
730 3933 771 3999 ad
793 3933 1010 3999 imitationem
1025 3933 1157 3999 Publilii
1172 3932 1340 4019 optatiani
1352 3935 1525 4021 Porphyrii
1547 3956 1646 4019 nuper

324 4063 343 4106 a
367 4063 401 4106 se
424 4042 543 4126 reperti
566 4041 741 4108 conicxuii.

413 4146 636 4233 Subscripium
672 4147 808 4214 carmini
845 4146 929 4233 quod
960 4145 1107 4214 Viennae
1143 4147 1265 4214 editum
1297 4149 1331 4214 in
1363 4147 1538 4213 aduentum
1570 4145 1646 4231 Imp.

323 4254 538 4321 Maximiliuni
560 4255 665 4339 primi.
