3626 5676
314 385 391 432 XXII
872 383 1087 430 Paoonurlvll.

315 545 385 610 tino
399 543 559 631 Augusto.
597 543 751 628 Singulae
774 543 952 610 carminum
976 543 1104 608 litterae
1128 543 1256 609 lineolis
1277 545 1426 628 quadrati
1449 545 1484 609 in
1508 545 1651 629 speciem

314 652 426 718 incisis
445 651 624 716 distinctae.
662 650 751 726 Quae
771 650 956 715 maiusculis
975 650 1093 715 litteris
1114 653 1190 714 sunt
1208 673 1360 736 expressa
1378 651 1463 735 apu'd
1477 651 1651 738 Mignium,

314 759 412 824 rubro
444 757 549 822 colore
581 761 656 822 sunt
685 758 865 842 perscripta
892 759 925 820 et
951 755 1057 820 rubris
1085 759 1198 841 saepta
1225 756 1360 824 lineolis.
1411 757 1552 824 Graecae
1581 781 1651 824 oar-

314 865 412 931 minis
435 864 466 930 X
495 861 581 947 apud
604 862 779 930 Velserum'
803 863 931 926 litterae
958 861 1068 926 latinis
1097 865 1174 927 sunt
1196 865 1349 932 mutatae.
1394 865 1547 950 Epistula
1571 865 1650 930 Por-

314 973 393 1058 fyrii
417 972 526 1037 calicis
549 970 649 1035 refert
672 971 820 1054 speciem,
845 968 1053 1036 Constantini
1076 970 1188 1035 crucis.
1226 969 1355 1038 Scholia
1377 973 1495 1058 ubique
1519 977 1652 1057 praeter

314 1101 443 1146 carmen
466 1077 701 1163 paenultimum
723 1077 910 1162 praeposita
933 1075 1137 1142 carminibus.

407 1203 608 1288 Subscriptio
623 1204 764 1288 paginae
778 1202 822 1268 55
835 1201 926 1267 talis:
950 1201 1083 1266 Publilii
1101 1201 1270 1286 Optatiani
1292 1203 1421 1270 Porfirii
1443 1208 1650 1293 panegiricus

316 1313 421 1378 dictus
446 1310 660 1376 Constantino
684 1309 833 1395 Augusto
858 1307 997 1392 explicit.
1046 1305 1198 1393 Sequitur
1221 1332 1351 1376 carmen
1373 1312 1453 1378 illud
1475 1320 1580 1380 sancte
1603 1317 1651 1379 tui

314 1421 399 1485 crota's
421 1419 596 1504 repetitum
619 1417 717 1483 nullis
741 1417 941 1482 ornamentis
965 1415 1092 1481 additis.

405 1524 515 1592 Codex
538 1525 620 1590 alter
642 1548 690 1590 nr.
716 1525 815 1609 7806,
848 1545 930 1590 saec.
953 1521 1048 1609 XIII,
1081 1524 1275 1609 paginarum
1298 1526 1342 1612 X,
1374 1528 1418 1592 30
1442 1530 1649 1594 centimetros

315 1636 370 1700 ille
399 1635 531 1719 longua,
564 1633 607 1697 20
634 1633 719 1697 latus
746 1632 832 1698 hanc
861 1632 962 1697 habet
988 1632 1246 1716 inscriptionem:
1279 1633 1373 1699 Pubii
1402 1632 1497 1720 (nont
1524 1634 1649 1719 Publii)

171 1779 176 1788 ·
316 1741 484 1826 Optatiani
493 1738 624 1806 Porfirii
633 1739 844 1825 panagoricus
856 1739 960 1804 dictus
971 1736 1188 1804 Constantino
1200 1739 1359 1826 Augusto.
1375 1741 1494 1825 Incipit
1503 1742 1650 1806 feliciter.

405 1846 559 1913 Continet
578 1848 696 1931 omnia,
719 1868 800 1930 quae
820 1847 971 1932 leguntur
991 1846 1076 1931 apud
1091 1846 1273 1932 Velserum,
1296 1847 1357 1912 hoo
1376 1849 1504 1933 quidem
1523 1848 1649 1914 ordine:

315 1955 362 2039 II,
389 1955 418 2040 Ι,
445 1953 507 2038 III,
535 1953 592 2038 IV,
620 1953 661 2038 V,
689 1953 751 2036 VI,
778 1951 822 2035 X,
851 1951 1012 2036 XLVII,
1039 1951 1099 2035 IX,
1122 1952 1215 2037 XVI,
1237 1953 1346 2038 XVII,
1368 1954 1439 2039 XV,
1461 1953 1539 2039 XII,
1561 1955 1651 2040 XIV,

315 2061 410 2146 XIII,
432 2059 559 2144 XVIII,
581 2058 673 2144 XIX,
696 2059 771 2144 XX,
794 2057 886 2144 XXI,
908 2057 1016 2143 XXII,
1044 2057 1169 2146 XXIII,
1193 2060 1310 2146 XXIV,
1333 2060 1435 2146 XXV,
1455 2060 1552 2146 VIII,
1585 2063 1650 2146 epi-

317 2169 434 2233 stulam
447 2171 641 2251 utramque,
665 2166 763 2231 nullis
787 2166 964 2251 figurarum
987 2166 1132 2232 artificiis
1157 2159 1324 2252 adhibitis,
1348 2166 1467 2234 XXVI.

404 2275 536 2341 Adsunt
558 2273 721 2359 opusculis
740 2276 868 2358 practer
887 2295 978 2338 aram
997 2272 1133 2358 scholia,
1152 2275 1350 2340 carminibus
1369 2275 1435 2342 suis
1453 2275 1649 2360 praeposita.

405 2382 502 2446 Liber
521 2381 703 2446 simillimus
718 2379 911 2464 Velseriani,
933 2382 970 2444 ut
988 2380 1096 2466 exigui
1120 2380 1292 2448 admodum
1316 2382 1412 2448 nobis
1435 2381 1535 2446 luerit
1557 2404 1649 2446 usus:
1772 2403 1773 2406 ¹

317 2489 403 2576 quod
432 2511 505 2554 curn
533 2488 581 2552 ita
609 2489 665 2572 sit,
696 2487 819 2552 nemini
844 2487 906 2551 erit
927 2487 1059 2572 mirum,
1092 2487 1179 2572 quod
1202 2471 1328 2554 selectid
1351 2489 1445 2570 locis,
1477 2510 1580 2572 neque
1603 2489 1650 2552 ita

318 2597 439 2680 multis,
462 2597 530 2661 eius
552 2596 707 2660 lectiones
731 2594 951 2678 proponimus.

405 2720 454 2786 De
479 2721 588 2786 codice
612 2719 752 2803 quodam
766 2718 963 2803 Monacensi,
987 2720 1077 2784 cuius
1094 2719 1175 2785 haec
1194 2725 1244 2786 est
1266 2725 1357 2786 nota:
1383 2722 1470 2805 706⁸,
1493 2719 1649 2806 quaedam
1776 2730 1777 2758 ¹

319 2831 417 2896 solita
440 2828 592 2895 comitate
615 2826 786 2891 nobiscum
810 2826 1061 2891 oommunicauit
1079 2826 1320 2892 Laubmannus.
1359 2826 1421 2893 Sed
1444 2827 1499 2891 ille
1522 2850 1594 2892 cum
1618 2831 1649 2890 et
1777 2824 1778 2852 l

318 2937 434 3003 aetatis
463 2937 506 3002 sit
531 2935 665 2999 ultimae
689 2930 779 3020 (nam
803 2953 884 2997 saec.
907 2931 986 2996 XVI
1015 2933 1154 3018 scriptus
1182 2955 1253 2998 esse
1276 2934 1393 3019 fertur)
1415 2956 1520 3020 neque
1543 2934 1649 3019 probi·

230 3071 231 3075 ¹
317 3048 385 3110 tate
415 3045 601 3126 compenset
628 3040 822 3124 nouitatem,
854 3039 887 3103 id
916 3039 1002 3124 quod
1030 3040 1089 3122 eia,
1122 3062 1204 3124 quae
1232 3041 1394 3124 descripta
1419 3041 1551 3105 suntin
1574 3063 1649 3105 usus

318 3155 458 3232 nostros,
481 3148 720 3232 comprobatur,
744 3147 823 3211 satis
848 3150 899 3211 est
922 3146 1086 3212 monuisse
1110 3169 1147 3211 eo
1166 3169 1232 3212 non
1251 3147 1359 3212 omnia
1379 3149 1546 3226 contineri,
1570 3169 1649 3231 quae

320 3257 406 3343 apud
419 3256 589 3321 Velserum
612 3257 763 3338 prostant
785 3255 938 3339 carmina,
963 3255 1016 3319 sed
1039 3254 1132 3318 haec:
1156 3252 1217 3338 VI,
1240 3253 1280 3338 V,
1304 3253 1375 3336 XV,
1399 3253 1507 3338 XXII,
1531 3254 1651 3336 XXIII,

319 3364 429 3447 XVII,
452 3361 495 3446 X,
518 3361 578 3446 XI,
600 3360 692 3446 XVI,
715 3361 806 3446 XXI,
830 3360 908 3445 VII,
931 3360 1025 3445 VIII,
1048 3360 1124 3444 XX,
1146 3358 1267 3446 XXIV,
1289 3358 1390 3425 XXV.
1433 3360 1554 3426 Addita
1576 3365 1653 3425 sunt

280 3533 286 3546 ,
320 3469 452 3536 scholia.

406 3594 579 3659 Praeterea
600 3593 757 3679 Hagenus
786 3592 955 3657 nobiscum
984 3593 1234 3658 communicauit
1262 3593 1419 3678 quaedam
1448 3616 1486 3656 ex
1509 3593 1651 3678 Porfyrii

318 3704 402 3768 libro
426 3723 507 3786 quae
531 3703 681 3785 prostant
703 3700 737 3776 in
761 3698 828 3764 cod.
843 3697 1000 3764 Beruensi
1025 3701 1089 3764 207
1115 3721 1197 3764 saec.
1211 3699 1317 3764 VIIII.
1353 3699 1477 3766 Eorum
1500 3699 1580 3765 haec
1603 3703 1653 3764 est

319 3809 504 3893 inscriptio:

355 3949 444 4034 IN‘O'
462 3949 727 4034 EXOERPTV
751 3965 815 4031 DII
839 3965 1148 4033 PANEGIRICO
1174 3966 1394 4032 PORFIRII
1418 3965 1615 4032 FAOTVM

643 4073 697 4139 IN
721 4071 1074 4140 CONSTANTINO
1099 4073 1331 4139 AVGVSTO.

408 4237 459 4302 Eo
489 4216 672 4311 continetur
702 4236 863 4320 exposItio
895 4257 920 4300 c.
948 4234 998 4299 ΠΙ
1028 4233 1076 4298 ed.
1099 4233 1227 4299 Velseri
1257 4255 1330 4299 oum
1359 4233 1430 4318 ipso
1458 4256 1517 4299 nec
1545 4234 1652 4298 minus

320 4346 428 4410 ultimi
452 4344 597 4410 omnium
620 4366 693 4409 cum
716 4345 830 4429 primis
854 4344 1008 4429 quattuor
1031 4342 1188 4406 uersibus

410 4487 480 4552 Hos
509 4509 582 4552 cum
610 4486 743 4552 scholiis
767 4487 865 4551 etiam
889 4485 1073 4550 inuenimus
1097 4459 1132 4548 in
1156 4483 1223 4549 cod.
1247 4483 1398 4549 Leidensi
1421 4485 1538 4548 saeculi
1562 4482 1655 4568 XIII,

324 4597 379 4681 qui
401 4595 502 4660 habet
523 4594 609 4659 hano
631 4597 742 4659 notam
767 4593 810 4658 M.
834 4592 869 4658 L.
892 4592 932 4658 V.
957 4592 992 4657 Ο.
1020 4591 1075 4676 15,
1104 4591 1225 4676 pagina
1252 4592 1296 4656 44
1313 4613 1450 4688 'auersa
1490 4590 1542 4655 Ibi
1563 4589 1654 4654 tltuli

207 4785 210 4788 Ι
323 4705 392 4768 erat
415 4701 487 4768 loco
513 4701 702 4786 simpliciter
725 4701 916 4786 inscriptum
939 4699 1019 4764 illud
1044 4696 1273 4784 ‘Porphirius'.
