3626 5676
341 459 393 504 XII
895 459 1111 506 PROOEMIVM.

388 615 542 680 Alcuini

555 745 631 790 crem
653 726 741 790 decus
764 746 794 789 cs
817 726 926 790 maadi
949 725 1038 790 Iesse
1059 727 1095 790 de
1116 727 1267 808 scopatae
1288 729 1395 792 sancti.

356 883 361 890 ·
385 863 543 949 Iosephi

547 973 672 1053 prioris
694 993 775 1037 auus
796 974 906 1038 aionas
928 994 965 1036 ea
987 993 1044 1037 uos
1065 974 1100 1036 ia
1122 979 1219 1037 morte
1241 977 1361 1057 redepit.
1426 995 1428 1002 ·

553 1079 615 1156 dio,
638 1099 655 1143 0
679 1077 782 1158 Corte,
800 1085 895 1162 patus
917 1099 995 1160 prece
1015 1100 1107 1143 cerm
1128 1081 1219 1162 sipon
1240 1082 1375 1147 solertis?

555 1186 623 1249 uita
644 1187 731 1251 satus
752 1187 855 1251 uirtus
876 1186 1003 1250 umbem
1025 1187 1179 1268 sapientia
1201 1208 1339 1269 sponsus.

555 1291 670 1374 inclyta
691 1295 719 1356 si
741 1294 847 1374 cupias
869 1293 969 1357 sancti
990 1292 1047 1356 sub
1069 1293 1207 1356 culmina
1230 1295 1341 1376 templi.

426 1391 455 1490 Ἰ
554 1419 668 1481 ccupas
690 1400 811 1480 quidem
827 1397 947 1479 pauido
964 1397 1091 1478 praebet
1111 1399 1226 1479 fiducia
1248 1401 1325 1464 uoti.

387 1539 570 1604 Teudnlfi
605 1569 607 1576 ·

556 1648 744 1728 omnipotens
766 1649 887 1712 (tomice
909 1651 939 1711 et
953 1647 1045 1728 pacis
1067 1647 1197 1710 donator
1220 1649 1254 1711 ia
1277 1669 1397 1712 aeuum

431 1806 531 1872 Porro
566 1806 663 1872 Abbo
696 1806 912 1872 Floriacensis
947 1806 1076 1870 saeculo
1105 1806 1135 1870 X
1168 1828 1207 1870 ex
1238 1806 1431 1892 Porfyriano
1468 1811 1577 1893 utique
1610 1812 1673 1875 sibi

343 1913 450 1977 codiee
481 1913 661 1997 exemplum
693 1935 821 1978 sumens
852 1913 922 1996 pari
953 1916 1021 1976 arte
1051 1914 1267 1996 compositum
1298 1935 1427 1979 carmen
1455 1916 1495 1979 ad
1519 1915 1672 1982 Ottonem

343 2015 514 2082 Caesarem
538 2019 635 2103 dedit,
659 2020 748 2084 cuius
771 2019 834 2084 hoc
857 2021 907 2083 est
928 2019 1135 2102 principium:

560 2179 628 2243 ouo
650 2179 758 2243 uolens
782 2145 897 2244 Caesar
919 2184 1022 2242 aestro
1046 2183 1079 2242 ta
1102 2181 1169 2244 cede
1191 2185 1323 2245 coturno.

343 2338 488 2422 Denique
514 2339 547 2404 in
577 2339 649 2422 ipso
679 2339 743 2402 fine
774 2339 871 2402 medii
902 2339 973 2403 aeni
996 2338 1164 2404 ¹Iohannes
1194 2339 1338 2424 sebius,
1370 2345 1467 2424 poeta
1495 2340 1673 2406 Caesareus

344 2444 522 2530 laureatus,
554 2446 609 2531 qui
637 2445 671 2508 in
700 2447 774 2510 aula
797 2444 1008 2510 Maximiliani
1036 2446 1239 2530 imperatoris
1267 2447 1403 2531 floruit,¹
1422 2447 1520 2512 edidit
1543 2470 1674 2512 carmen

346 2552 520 2636 quoddam,
552 2556 589 2616 ut
616 2553 685 2636 ipse
714 2553 773 2636 ait,
806 2551 1090 2616 minitationem
1113 2551 1287 2636 Porphyrii
1314 2575 1416 2636 nuper
1444 2577 1464 2618 a
1493 2577 1526 2618 re
1553 2555 1675 2638 reperti

347 2658 575 2744 compositum,
613 2681 675 2743 quo
709 2658 829 2722 festum
861 2659 896 2722 in
927 2658 1006 2722 urbe
1038 2657 1285 2723 Vindobonensi
1317 2659 1486 2724 introitum
1518 2659 1674 2746 principis

345 2763 530 2828 celebrauit.

434 2903 585 2972 Ceterum
618 2929 690 2972 cum
722 2910 816 2971 tanta
847 2929 905 2990 per
920 2927 926 2992 ᾗ
937 2906 1078 2971 medium
1111 2929 1226 2970 aeuum
1258 2905 1403 2971 floruerit
1433 2907 1674 2973 existimatione

251 3001 253 3004 ¹
343 3011 522 3096 Porfyrius‚
545 3035 612 3078 non
633 3013 755 3098 poterit
779 3035 848 3078 esse
871 3013 990 3078 mirum
1011 3013 1088 3078 ferri
1111 3009 1237 3077 codices
1262 3013 1330 3077 eius
1355 3013 1460 3096 operis
1485 3018 1536 3078 sat
1553 3015 1675 3080 multos
1702 3035 1705 3046 ·

343 3140 402 3182 nec
430 3120 536 3184 minus
565 3122 711 3184 constare
740 3119 778 3184 de
808 3120 965 3204 excerptis
993 3119 1170 3184 carminum
1199 3119 1267 3182 eius
1291 3120 1524 3204 compluribus,
1557 3121 1675 3204 quibus

343 3223 398 3289 hic
421 3225 487 3290 illic
510 3247 630 3289 uacuas
653 3225 782 3290 chartas
805 3225 943 3309 repleuit
960 3225 1166 3290 librariorum
1186 3225 1347 3316 sedulitas.
1379 3224 1465 3289 Nam
1484 3229 1520 3290 ut
1538 3227 1676 3310 mittam,

345 3331 461 3414 quibus
486 3329 616 3396 Stabius
640 3335 673 3395 et
686 3331 840 3396 Velserus
864 3333 915 3396 usi
939 3335 1023 3422 sunt
1046 3333 1201 3396 libros-
1219 3331 1274 3415 qui
1297 3331 1352 3395 ubi
1371 3333 1531 3396 terrarum
1549 3332 1677 3396 lateant

345 3436 440 3500 hodie
467 3435 636 3521 ignoratur
660 3475 710 3520 -,
734 3437 813 3501 duas
841 3436 995 3502 Pithoeus
1029 3437 1232 3502 membranas
1263 3438 1298 3500 in
1327 3435 1447 3501 edendo
1477 3437 1676 3522 panegyrico

346 3542 530 3606 adhibuisse
554 3544 768 3628 cognoscitur.
814 3542 876 3607 Sed
905 3543 942 3606 de
970 3543 1021 3608 his
1049 3543 1134 3606 infra
1161 3543 1285 3608 dicetur
1308 3565 1367 3608 neo
1390 3543 1497 3636 minus¹
1520 3543 1560 3607 de
1582 3543 1678 3607 libris

348 3671 440 3713 ame
462 3650 635 3734 usurpatis.
732 3666 741 3671 “

434 3791 559 3858 Iudices
582 3797 660 3876 post
686 3794 867 3858 restaurata
893 3791 1106 3856 humanitatis
1131 3791 1237 3857 studia
1260 3795 1410 3876 expertus
1434 3800 1484 3856 est
1506 3791 1679 3876 Porfyrius

296 3885 297 3888 ¹
346 3921 405 3964 nec
428 3901 546 3964 multos
576 3897 645 3985 (uix
673 3899 759 3964 enim
786 3897 871 3962 ullus
895 3899 1001 3962 extitit
1024 3899 1163 3982 scriptor
1187 3898 1403 3982 antiquitatis,
1435 3897 1602 3982 pauciores
1626 3896 1697 3959 cni

347 4006 573 4092 contingerent
598 4005 729 4071 nouello
752 4008 898 4088 tempore
921 4003 1074 4091 lectores)
1103 4008 1136 4068 et
1159 4005 1238 4068 satis
1262 4003 1403 4069 acerbos.
1438 4003 1564 4067 Velseri
1591 4002 1680 4086 quod

347 4112 409 4176 fuit
431 4113 469 4178 de
493 4112 669 4197 Optatiano
693 4111 847 4178 iudicium
870 4111 956 4176 infra
978 4114 1124 4194 ponetur.
1169 4110 1239 4176 Nec
1261 4109 1439 4194 benignior
1461 4108 1523 4199 hoc
1545 4107 1679 4171 Werns-

348 4219 483 4304 dentice,
515 4220 570 4304 qui
598 4209 644 4284 sie
674 4216 898 4284 existimatote
923 4239 960 4282 eo
984 4214 1028 4303 (p.
1051 4217 1085 4282 L.
1109 4239 1151 4281 m.
1174 4217 1215 4300 ΙΙ,
1234 4217 1313 4300 368)
1338 4215 1484 4300 ‘propter
1507 4214 1680 4280 continuos

347 4325 421 4389 illos
444 4325 627 4389 litterarum
652 4329 684 4389 et
706 4327 882 4410 figurarum
906 4325 995 4388 lusus
1019 4324 1097 4407 ipsis
1121 4324 1229 4388 uerbis
1252 4323 1335 4399 nihil
1362 4323 1429 4386 fere
1452 4321 1531 4385 recti
1554 4319 1681 4404 ingenii

348 4435 381 4494 et
404 4431 536 4514 spiritus
559 4432 687 4515 poetici,
712 4433 790 4514 quin
812 4453 927 4514 parum
951 4431 1022 4494 sani
1046 4452 1158 4494 sensus
1182 4431 1276 4514 inest,
1300 4433 1332 4494 et
1351 4429 1494 4494 carmina
1512 4429 1584 4510 ipsa
1606 4415 1681 4490 cum

348 4539 529 4623 legentibus
561 4537 751 4600 difficillime
781 4537 948 4601 intellectu
979 4539 1067 4621 sunt,
1102 4558 1198 4600 sensu
1226 4557 1332 4600 rerum
1360 4535 1478 4617 ubique
1505 4536 1557 4596 101
1583 4533 1681 4616 nugis

351 4646 476 4729 obruto,
495 4647 547 4708 tot
560 4644 732 4709 uerborum
747 4646 780 4706 et
792 4643 974 4706 litterarum
988 4642 1127 4708 uinculis
1142 4643 1279 4728 illigato,
1298 4645 1371 4705 tum
1386 4640 1519 4704 minime
1534 4638 1681 4702 omnium

351 4752 392 4816 ad
414 4749 586 4838 legendum
609 4749 750 4833 proponi
771 4749 824 4812 uel
849 4747 1066 4816 commendari
1089 4747 1279 4814 merentur'.
