3586 5678
319 425 362 488 32

318 617 334 666 3
531 623 603 664 ecce
625 603 730 664 tumet
753 599 829 664 uitis
852 603 910 662 tua
933 597 1085 684 gemmis,
1109 599 1232 680 optime
1256 597 1392 664 Bacche.

531 705 657 770 Bacche
681 707 815 790 optime,
839 705 977 789 gemmis
1000 709 1058 768 tua
1081 705 1158 768 uitis
1182 707 1287 768 tumet
1310 725 1391 768 ecce.

406 847 449 913 M.
472 847 512 912 V.
535 850 555 914 l.
579 872 621 915 m.
645 848 700 913 ‘V.
723 853 747 914 t.
770 847 813 934 g.’
859 845 1077 932 Camerarius,
1101 845 1147 931 ‘g.
1171 851 1193 912 t.
1217 845 1258 910 v.'
1282 847 1350 911 edd.

318 1060 334 1108 4
532 1067 603 1110 esse
625 1045 730 1111 bonus
754 1044 848 1128 sinis,
871 1044 940 1110 cole
963 1043 1070 1122 diuos,
1094 1043 1217 1127 optime
1239 1042 1356 1107 Pansa.

530 1151 639 1217 Pansa
661 1151 798 1236 optime,
820 1151 913 1216 dirros
937 1151 1021 1235 cole,
1044 1149 1124 1214 sinis
1147 1149 1253 1214 bonus
1277 1171 1355 1214 esse.

406 1289 512 1358 Diom.
536 1315 589 1379 pg.
613 1293 679 1360 515
702 1295 886 1378 reciprocus
910 1293 993 1358 alter
1015 1290 1201 1358 huiusmodi
1225 1295 1275 1356 est
1298 1291 1401 1356 ‘csse’
1425 1315 1452 1358 e.
1478 1317 1509 1379 q.
1533 1317 1557 1359 s.
1588 1294 1644 1360 Hic

317 1401 351 1464 in
374 1423 529 1484 procursu
552 1401 739 1468 hexameter
757 1407 821 1488 est,
843 1402 878 1466 in
896 1423 1026 1466 recursu
1046 1398 1219 1466 sotadicus.
1256 1399 1397 1466 Eosdem
1417 1423 1533 1464 uersus
1552 1401 1644 1466 habet

317 1507 441 1574 Marius
465 1507 652 1574 Victorinus
676 1509 773 1574 2561.
818 1506 887 1574 Cet.
910 1509 950 1574 cl.
973 1530 999 1574 c.
1022 1507 1052 1573 5.

316 1720 332 1768 5
529 1706 637 1772 omine
659 1705 746 1770 felici
768 1705 876 1771 Pansa
898 1725 1030 1789 precare
1054 1705 1141 1768 deos.

528 1812 604 1878 deos
627 1835 759 1897 precare
782 1813 892 1879 Pansa
914 1813 1000 1878 felici
1024 1813 1140 1878 omine.

403 1955 484 2020 Mar.
498 1955 584 2022 Vict.
603 1957 623 2022 l.
642 1979 683 2022 m.
707 1958 789 2022 alter
812 1956 867 2042 qui
890 1959 940 2021 est
962 1957 1183 2039 pentametrus
1205 1954 1241 2019 in
1265 1953 1439 2019 iambicum
1462 1955 1641 2021 trimetrum

316 2061 399 2128 redit
423 2063 478 2127 sic.

317 2275 332 2323 6
530 2260 585 2344 pio
608 2281 740 2344 precere
763 2263 836 2324 ture
859 2259 1035 2326 caelestum
1059 2260 1176 2324 omina.

531 2367 641 2432 omina
664 2368 839 2433 caelestum
862 2371 934 2431 ture
956 2373 1088 2452 precare
1111 2367 1176 2451 pio.

403 2509 577 2574 Diomedes
605 2532 660 2596 pg.
683 2511 748 2578 516
777 2508 864 2594 ‘pio’
892 2532 918 2574 e.
946 2531 975 2594 q.
1004 2533 1028 2574 s.
1055 2509 1109 2575 hic
1137 2508 1278 2574 decurrit
1305 2509 1476 2593 iambicus,
1510 2511 1645 2574 recurrit

316 2617 484 2701 elegiacos.
530 2615 671 2682 ‘Omina'
696 2618 812 2702 scripsi
835 2617 863 2682 d.
887 2639 912 2682 r.
935 2639 977 2682 m.
999 2617 1080 2701 4633
1103 2615 1267 2682 ‘nomina'
1291 2617 1343 2682 uel
1367 2615 1533 2681 ‘numina'
1558 2617 1625 2682 cdd.
1755 2697 1756 2700 Ἴ

316 2829 330 2878 1
593 2836 690 2878 uersu
713 2815 802 2897 uolo,
824 2813 935 2898 Liber,
957 2815 1015 2878 tua
1038 2813 1263 2897 praedicentur
1286 2817 1368 2880 actu.

591 2926 666 2986 acta
688 2921 915 3006 praedicentur
936 2923 1011 3004 tua,
1034 2919 1144 3006 Liber,
1166 2921 1241 2985 uolo
1264 2941 1370 2984 uersu.

402 3063 574 3128 Diomedes
602 3084 655 3148 pg.
678 3062 744 3128 515
772 3062 899 3128 ‘uersu'
923 3085 950 3128 c.
973 3085 1002 3148 q.
1026 3086 1051 3128 s.
1080 3062 1243 3130 sotadicus
1272 3066 1322 3128 est
1350 3086 1388 3126 ex
1410 3065 1562 3147 utraque,
1591 3063 1644 3127 sed

314 3169 426 3274 durus,
449 3174 486 3234 ut
508 3171 614 3254 possit
638 3170 679 3234 ad
701 3191 867 3236 recursum
890 3171 1071 3236 conuenire.
1117 3167 1166 3234 Of.
1189 3169 1218 3234 d
1241 3192 1266 3234 r.
1289 3192 1330 3234 m.
1357 3170 1428 3235 161.

313 3382 329 3430 e
589 3370 689 3450 caput
711 3367 835 3431 exeruit
856 3366 978 3432 mobile
1000 3367 1097 3450 pinus
1120 3365 1269 3450 repetite.

590 3474 730 3558 repetita
752 3474 848 3557 pinus
871 3473 990 3537 mobile
1013 3474 1138 3537 exeruit
1160 3476 1266 3557 caput.

402 3613 510 3692 Quint.
532 3617 552 3680 l.
576 3639 616 3680 m.
639 3615 781 3701 itemque
804 3638 821 3680 e
845 3615 978 3681 sotadeo
1001 3617 1088 3680 retro
1111 3616 1275 3682 trimetros
1300 3614 1641 3700 ‘ceput—repetitu'.

315 3721 507 3808 ‘Repetita',
529 3725 609 3806 puto
634 3721 838 3808 ‘replicata'3
864 3726 1006 3789 ceterum
1029 3723 1068 3787 de
1092 3721 1162 3788 Sini
1184 3723 1312 3788 uidetur
1336 3723 1398 3808 agi.

314 3934 330 3981 e
404 3915 553 3984 Sidonius
568 3877 680 4005 llllll,
702 3921 743 3985 14
766 3920 796 3984 ei
818 3919 972 3984 nimirum
995 3941 1107 3986 uersus
1132 3921 1208 3984 sunt
1229 3920 1438 4004 recurrentes,
1462 3919 1516 4003 qui
1539 3922 1640 3983 metro

315 4027 422 4088 stante
445 4047 547 4110 neque
569 4027 687 4092 litteris
710 4027 783 4093 loco
807 4028 905 4092 motis
928 4031 966 4092 ut
988 4027 1029 4092 ab
1052 4025 1183 4091 exordio
1207 4026 1247 4091 ad
1270 4026 1444 4090 terminum
1468 4025 1515 4089 sic
1538 4048 1558 4089 1
1580 4025 1641 4088 fine

313 4131 500 4216 releguntur
523 4133 563 4197 ad
587 4157 756 4199 summum.
803 4133 856 4200 Sic
879 4138 929 4200 est
951 4134 1032 4200 illud
1054 4133 1235 4218 antiquum:

588 4293 706 4380 Roma,
727 4296 790 4360 tibi
814 4296 921 4361 subito
945 4295 1088 4360 motibus
1111 4295 1174 4360 ibit
1197 4317 1297 4361 amor.

312 4475 372 4519 nec
394 4476 460 4519 non
482 4453 644 4519 habentur
666 4478 724 4539 pro
747 4457 1000 4541 recurrentibus,
1028 4456 1083 4541 qui
1106 4453 1223 4540 pedum
1250 4454 1322 4540 lege
1347 4457 1475 4520 seruata
1498 4475 1557 4538 per
1579 4453 1640 4518 sin·

312 4562 391 4650 gula
413 4562 514 4626 uerba
536 4563 747 4647 replicantur,
770 4563 877 4645 qualia
900 4585 972 4628 reor
995 4562 1142 4647 equidem
1165 4563 1231 4648 legi
1255 4562 1359 4626 multa
1381 4560 1567 4628 multorum.

765 4761 971 4768 ...ΗΜ-.-.-
984 4763 1009 4768 -
