3586 5678
1041 377 1073 466 θ.

920 671 1008 738 xvi
1032 669 1099 754 [a]

527 794 668 862 Dissona
691 795 821 862 conexis
845 795 941 862 audet
964 819 1156 881 componere
1179 797 1287 862 uerbis

527 899 642 966 Omine
667 925 757 968 mens
781 903 867 968 elata
889 903 984 969 bono.
1022 905 1113 968 iuuat
1136 903 1259 988 inclyta
1281 903 1412 988 linguae

526 1008 663 1076 Munera
686 1007 861 1076 Graiorum
883 1008 979 1075 Musa
1001 1008 1187 1076 modulante
1210 1031 1341 1094 nouare,

525 1113 625 1200 Inque
648 1117 765 1202 uicem,
787 1137 885 1182 uersu
909 1117 1027 1182 cecinit
1049 1139 1131 1204 quac
1154 1116 1238 1182 forte
1261 1115 1387 1200 Latino,

525 1221 620 1288 Nunc
644 1223 708 1288 alio
731 1227 822 1289 textu
846 1224 1043 1290 Graecorum
1066 1225 1101 1289 in
1123 1223 1267 1289 carmine
1290 1223 1371 1302 duci,

526 1327 646 1394 Ordine
669 1333 706 1395 ut
728 1331 763 1394 in
785 1331 946 1415 duplicem
969 1335 1118 1396 nectatur
1139 1330 1249 1395 littera
1271 1351 1393 1394 uocem.

523 1433 618 1501 Nunc
641 1457 701 1522 age
724 1435 881 1502 facundae
904 1437 1047 1503 referant
1069 1436 1289 1522 pulcherrima
1310 1435 1436 1522 Musae,

527 1539 589 1606 Ore
613 1547 708 1607 sonet
731 1543 828 1608 docili
852 1544 963 1629 chelys
987 1544 1110 1628 inclyta
1134 1543 1278 1631 carmina
1299 1541 1433 1608 Phoebi

525 1647 623 1734 Spem
645 1673 752 1715 rerum
775 1650 960 1735 iustumque
983 1673 1097 1716 canam
1121 1670 1343 1733 summamque
1366 1649 1481 1715 salutis

524 1755 570 1820 Te
594 1756 774 1844 dominum,
797 1759 884 1823 bona
907 1757 993 1824 dona
1015 1758 1080 1842 dei,
1102 1761 1150 1837 te,
1173 1777 1304 1844 magne,
1327 1759 1494 1840 parentem

523 1860 719 1949 Romanum,
743 1868 936 1950 gratumque
960 1865 1071 1930 orbem
1094 1864 1169 1949 tibi,
1192 1863 1345 1948 maxime,
1368 1885 1504 1948 semper,

524 1969 641 2035 Omnia
664 1971 749 2056 quod
773 1974 862 2036 certa
885 1971 1048 2055 respirant
1071 1974 1178 2036 mente
1202 1970 1355 2057 quietem,

524 2073 605 2141 Gurn
627 2077 746 2170 placidi
771 2081 917 2162 spectent
938 2078 1075 2144 hostiles
1099 2077 1187 2142 mille
1209 2077 1403 2162 triumphos,

524 2181 642 2248 Omnia
664 2183 760 2268 plena
783 2185 877 2250 bonis
900 2189 980 2270 tua,
995 2183 1222 2270 Oonstantine,
1246 2183 1397 2260 Quirites.

522 2288 579 2354 Nil
603 2290 666 2354 sibi
689 2291 884 2356 crediderint
905 2292 1022 2356 karum
1046 2313 1140 2378 mage
1163 2297 1209 2376 te,
1233 2291 1328 2356 decus
1353 2291 1449 2378 orbis.

523 2393 676 2463 Seruatos
700 2397 794 2482 Tyrii
818 2421 851 2462 se
876 2421 1003 2483 semper
1024 2397 1152 2464 uindice
1175 2397 1288 2466 dextra

523 2501 569 2567 Te
593 2502 723 2568 domino
748 2505 908 2588 exultant3
930 2492 1116 2591 tranquillis
1138 2505 1248 2570 karior
1270 2506 1343 2570 urbi

523 2609 636 2674 Africa
658 2611 860 2694 temporibus
883 2613 1007 2696 potitur
1030 2615 1160 2678 seruata
1183 2612 1299 2698 quiete,

522 2715 617 2781 Nunc
640 2739 674 2781 se
697 2717 838 2800 felicem,
859 2741 945 2783 nunc
969 2741 1003 2784 se
1027 2719 1087 2784 sub
1109 2718 1252 2784 numinis
1276 2739 1349 2783 aree

522 2822 656 2908 Tutum,
679 2823 765 2908 quod
790 2821 957 2910 Carthago
981 2825 1078 2892 decus
1101 2825 1285 2891 uenerabile
1308 2828 1424 2910 gestat,

520 2928 595 2996 Iure
618 2933 728 3016 putat:
751 2935 881 2996 tanturn
903 2932 996 3017 fatis,
1018 2933 1074 2998 lux
1095 2932 1231 3018 inclyta,
1253 2935 1399 3018 praestat

521 3035 641 3103 Nobile
664 3041 696 3103 te
720 3037 852 3105 domino
875 3060 1007 3124 nomen3
1031 3061 1104 3124 spes
1128 3043 1162 3104 et
1184 3039 1281 3104 decus
1304 3039 1425 3104 almum
1448 3042 1508 3104 est.

524 3141 637 3210 Omnis
661 3145 702 3209 ab
725 3146 856 3211 Aretois
879 3146 979 3232 plaga
1001 3147 1120 3211 finibus
1143 3146 1276 3212 horrida
1299 3144 1403 3211 Gauro

521 3245 615 3313 Pacis
639 3254 727 3315 amat
749 3251 836 3316 kana
858 3254 892 3315 et
914 3255 1069 3335 conperta
1091 3252 1246 3335 perennia
1268 3253 1348 3337 iura,

522 3353 569 3419 Et
590 3356 653 3422 tibi
675 3357 741 3422 fida
763 3359 828 3423 tuis
853 3381 980 3444 semper
1002 3360 1084 3424 bene
1107 3359 1228 3424 militat
1251 3360 1359 3444 armis,

521 3459 649 3548 Resque
672 3464 758 3550 gerit
779 3467 901 3531 uirtute
924 3471 997 3532 tuas
1020 3467 1223 3552 populosque
1246 3467 1369 3533 feroces
1417 3542 1418 3545 Ἴ

522 3568 679 3653 Propellit
701 3571 877 3658 caeditque,
899 3573 1022 3640 habens
1046 3573 1109 3639 tibi
1133 3573 1242 3638 debita
1264 3577 1351 3657 rata3

521 3675 566 3740 Et
588 3680 646 3742 tua
667 3678 807 3744 uictores
831 3702 902 3746 sors
926 3681 1052 3765 accipit.
1097 3680 1173 3747 hinc
1196 3681 1259 3746 tibi
1281 3681 1381 3744 fortes

522 3782 632 3868 Teque
655 3783 734 3850 duce
757 3786 898 3852 inuictae
921 3788 1077 3853 attollunt
1100 3788 1196 3873 signa
1219 3787 1378 3853 cohortes.

523 3888 671 3976 Vndique
693 3896 726 3956 te
749 3894 906 3958 comitata
928 3895 979 3959 dei
1001 3895 1058 3979 pia
1078 3894 1213 3960 numina
1237 3894 1354 3958 summi

464 3993 470 4005 “
494 3979 679 4063 'Omnibus
703 3999 843 4068 ultorem
866 4001 1036 4086 praebent,
1060 4005 1094 4066 et
1117 4000 1188 4065 iura
1210 4000 1377 4084 fidemque,

519 4104 629 4190 Alme,
651 4105 700 4170 tui
724 4110 883 4189 spectant.
927 4129 979 4172 res
1004 4106 1124 4172 ondent
1147 4108 1257 4172 omnia
1279 4107 1375 4172 uotis.

521 4210 670 4296 Vndique
693 4213 824 4296 palratis
847 4214 975 4279 saluato
1014 4215 1157 4280 maxima
1179 4215 1276 4280 rebus

522 4315 649 4383 Gaudia
670 4321 868 4406 praestabis,
892 4321 984 4386 dabis
1008 4321 1076 4386 otia
1098 4321 1204 4386 uictor
1227 4321 1262 4386 in
1285 4321 1372 4386 orbe.

522 4421 689 4489 Virtutum
713 4426 839 4490 meritis
861 4427 1011 4492 uicennia
1033 4428 1183 4511 praecipe
1206 4432 1291 4494 uota.

523 4526 709 4596 saeclorum
733 4533 835 4598 creuit
858 4534 987 4618 gemino
1011 4557 1085 4619 spes
1109 4533 1247 4600 Caesare
1271 4537 1368 4600 certa.

523 4633 647 4721 Tuque,
671 4659 689 4702 o
715 4643 824 4704 sancte
847 4661 977 4724 parens,
1000 4641 1078 4706 olim
1100 4644 1178 4725 post
1200 4641 1288 4705 mille
1311 4645 1456 4726 tropaea,
1557 4649 1562 4660 '

523 4739 549 4804 0
572 4741 628 4806 lux
650 4737 870 4831 Ausonidum,
893 4747 1027 4830 dispone
1052 4750 1181 4831 sceptra
1203 4750 1366 4832 nepotum.
