3586 5678
393 895 439 960 Et
461 896 495 960 in
518 896 579 962 hac
602 898 723 982 pagina
746 898 889 964 omnium
913 919 1065 963 uersuum
1093 897 1235 962 tricenae
1258 897 1376 982 quinae
1398 897 1531 962 litterae
1554 899 1634 975 sunt,

305 1005 339 1067 et
365 1025 423 1086 per
450 1025 561 1068 omnes
589 1007 698 1088 parles
726 1005 865 1070 laterum
892 1005 1039 1070 totidem.
1083 1003 1124 1069 In
1148 1026 1211 1088 qua
1234 1004 1381 1088 aprima
1403 1004 1517 1068 littera
1539 1003 1632 1087 primi

305 1129 417 1174 uersus
441 1107 481 1174 cd
503 1109 716 1175 nouissimam
740 1111 848 1176 ultimi
870 1133 984 1176 uersus
1007 1132 1065 1194 per
1088 1110 1229 1176 oblicum
1253 1109 1419 1176 deseendit
1440 1131 1556 1174 uersus

516 1269 609 1335 Alme
630 1270 766 1336 salutari
786 1291 870 1336 uuna
891 1270 964 1336 llaec
987 1269 1042 1335 libi
1058 1271 1180 1354 popina
1201 1271 1297 1354 sipuo.

393 1428 439 1492 Ec
461 1451 573 1494 rursus
597 1452 616 1493 a
638 1429 744 1514 prima
762 1429 873 1496 littera
891 1430 996 1495 ultimi
1016 1451 1128 1494 uersus
1147 1450 1241 1512 usque
1257 1429 1301 1494 ad
1316 1430 1521 1512 nouissimam
1532 1431 1631 1512 primi

304 1555 412 1600 uersus
428 1557 487 1618 per
509 1536 639 1602 oblicum
662 1537 800 1602 accredit
821 1535 870 1601 llic
891 1557 1001 1602 stersus

516 1695 640 1780 Scripta
658 1697 765 1775 micat,
784 1717 931 1763 resonans
949 1697 1124 1762 nominihus
1141 1697 1261 1762 domiui
1279 1696 1386 1778 [abest
1403 1697 1456 1762 hic
1475 1721 1503 1762 v.
1519 1695 1601 1778 aB].

390 1857 514 1924 Rursus
536 1879 557 1922 a
573 1859 679 1940 primo
702 1879 794 1923 uersu
821 1879 922 1942 prope
945 1856 1151 1922 medietatem
1172 1857 1305 1939 scriptae
1327 1857 1446 1922 litterae
1471 1856 1630 1941 utrimque

304 1967 455 2046 septenae
479 1963 520 2028 ad
543 1965 700 2030 directum
723 1965 823 2030 minio
846 1965 882 2030 iu
904 1963 1029 2028 duabus
1052 1962 1171 2028 litteris
1194 1985 1276 2048 quae
1299 1965 1376 2028 sunt
1397 1962 1413 2027 I
1437 1967 1470 2028 et
1492 1963 1521 2056 Ε
1546 1964 1576 2044 [i
1600 1967 1631 2026 et

164 2069 165 2073 ’
301 2070 351 2153 [3],
375 2074 408 2134 et
430 2071 465 2134 in
487 2071 593 2136 media
616 2071 828 2138 acrostichide
851 2071 886 2135 in
904 2068 928 2136 S
946 2071 1090 2136 litteram
1114 2069 1199 2134 linea
1222 2069 1417 2134 deformata:
1442 2068 1630 2152 exprimitur

303 2199 361 2260 per
382 2177 443 2242 has
465 2183 530 2243 tres
554 2182 663 2263 partes
687 2201 799 2243 uersus
821 2178 969 2242 heroicus

518 2339 601 2404 Nate
622 2342 676 2404 deo
698 2340 781 2404 solus
802 2339 943 2404 saluatur
959 2342 1068 2402 'sancte
1091 2335 1248 2401 terrorum.

392 2499 532 2566 Rursum
555 2499 589 2564 in
608 2499 694 2562 linea
712 2498 742 2562 V
761 2498 900 2581 litterae,
922 2519 1003 2582 quae
1028 2499 1077 2562 eat
1100 2494 1141 2560 ad
1164 2494 1370 2560 medietatem
1393 2495 1501 2560 ultimi
1521 2518 1631 2560 uersus

304 2607 337 2669 et
354 2605 389 2668 iu
406 2605 493 2670 linea
511 2602 674 2670 litteraeS
686 2626 768 2690 quae
783 2607 834 2668 est
847 2604 881 2668 in
895 2601 1108 2668 telostichidis
1124 2603 1295 2666 medietate
1308 2603 1511 2684 pentameter
1524 2623 1631 2666 uersus

305 2712 443 2795 scriptus
467 2715 517 2776 est
539 2710 593 2776 hic

518 2871 567 2936 Tu
588 2871 662 2936 aaa
684 2892 715 2936 es
736 2871 825 2950 iusti,
845 2871 951 2954 pratia
975 2875 1008 2934 tu
1030 2871 1112 2953 fidei.

393 3033 534 3098 Rursum
563 3053 622 3116 per
650 3029 790 3096 mediam
819 3029 976 3094 Graecam
1003 3030 1033 3094 X
1065 3030 1209 3095 litteram
1241 3030 1282 3094 ad
1313 3029 1470 3094 directum
1502 3028 1633 3113 uirgula

305 3138 509 3220 descendere,
532 3161 613 3223 quae
637 3138 738 3203 habet
759 3136 794 3200 in
817 3137 938 3202 flexura
962 3136 1179 3219 [inflexuram]
1204 3136 1295 3221 quasi
1319 3135 1344 3199 Ρ
1367 3135 1511 3200 litteram
1537 3133 1632 3200 Grae·

305 3267 385 3328 cam,
406 3243 506 3308 habet
529 3243 683 3328 scriptam
705 3266 836 3328 prosam

517 3403 568 3469 Sit
588 3405 720 3470 uictoria
742 3424 837 3469 eomes
855 3403 941 3493 xAup.
964 3408 993 3468 et
1009 3404 1094 3470 uatis
1116 3405 1189 3469 eius.

394 3565 483 3642 Quae
503 3564 607 3630 omnis
626 3564 752 3650 pictura
770 3563 871 3629 habet
884 3584 1166 3649 monogrammum
1181 3561 1304 3630 Christi
1327 3567 1360 3628 el
1382 3563 1485 3629 minio
1509 3561 1634 3628 litteras

305 3671 441 3754 scriptas
465 3669 600 3736 IESVS.
701 3747 709 3766 ἣ
