3626 5676
692 467 728 512 IN
752 465 962 512 PORFYRIVM.
1436 465 1495 511 XLI

251 627 304 710 30,
328 628 368 691 31
394 626 474 690 haee
498 625 637 690 fortasse
661 626 708 689 ita
728 625 931 709 'aecipiendat
953 645 1030 690 anan
1048 631 1221 691 centenam
1238 632 1367 692 mentera
1385 625 1495 690 bonurn

163 753 263 796 meana
290 733 449 798 elementia
471 732 627 816 Caesarie,
659 752 729 797 enin
755 733 814 802 sibi
840 734 939 814 finitis
966 733 1052 799 bellis
1078 735 1178 799 reddit
1205 734 1303 798 liedes·
1318 732 1493 798 triennales

161 840 201 922 ie,
224 860 282 921 qao
307 839 393 904 electo
416 840 460 904 sie
482 844 618 903 manant
639 840 726 904 nobis
749 860 845 903 nitrea
867 839 976 904 saecla

251 945 293 1009 33
318 946 363 1010 bis
385 946 542 1029 anennia,
566 942 782 1030 quadraginta
805 944 933 1028 imperii
957 945 1050 1010 annis
1074 945 1165 1011 aetio.

187 1045 190 1050 ’
252 1052 295 1116 34
318 1051 398 1116 niro
421 1054 457 1118 de
479 1054 615 1136 nornine,
638 1055 719 1117 tuo.-

251 1158 351 1249 schol.
375 1179 393 1223 e
415 1158 564 1224 uersibus
589 1157 738 1242 Graecis,
760 1159 814 1242 qui
838 1159 1010 1223 decurrunt
1034 1158 1070 1222 in
1093 1179 1339 1244 monogrammo
1364 1158 1494 1246 Christi,

163 1265 252 1328 etin
276 1269 429 1349 eaparte
454 1265 621 1350 earminiS,
653 1287 735 1348 quae
765 1265 905 1348 speeiem
928 1266 1063 1349 praebet
1087 1265 1311 1350 gubernaculi,
1343 1267 1496 1351 priorem,

163 1373 216 1456 qui
237 1371 322 1455 apud
337 1371 508 1436 Velserum
528 1374 618 1437 extat
640 1372 780 1456 pessime
805 1373 985 1455 corruptus,
1008 1371 1057 1436 ita
1080 1372 1187 1436 eonati
1213 1395 1322 1436 sumus
1347 1373 1385 1438 ad
1411 1375 1495 1438 sani·

163 1481 264 1542 tatem
287 1500 449 1562 reuocare,
471 1482 508 1543 ut
530 1479 561 1543 A
583 1479 727 1543 litteram
750 1500 808 1562 pro
827 1476 950 1542 Graeca
965 1482 1007 1561 Δ,
1031 1476 1057 1542 0
1081 1499 1140 1561 pro
1163 1481 1197 1542 Ω
1220 1477 1398 1543 adhibitam
1422 1489 1496 1544 esse
1603 1479 1609 1490 '

163 1587 388 1648 statueremus.
422 1589 591 1668 praeterea
613 1585 770 1649 memoria
793 1583 941 1670 dignum,
964 1583 1158 1648 uocabulum
1183 1585 1379 1668 δείσωσμος,
1408 1587 1493 1671 quod

114 1732 118 1736 >
162 1690 209 1755 ita
232 1691 344 1774 oritur,
368 1692 446 1756 alibi
469 1715 534 1758 non
557 1693 709 1775 inueniri,
732 1695 769 1755 ut
787 1695 898 1756 tamen
917 1694 1072 1774 appareat
1090 1711 1160 1755 esse
1184 1692 1296 1755 fiotum
1319 1691 1493 1757 seeundum

163 1797 251 1882 leges
276 1797 457 1883 analogiae.
503 1803 553 1864 est
577 1802 684 1864 autem
707 1799 806 1882 idem,
830 1797 916 1882 quod
939 1797 1065 1862 Latine:
1091 1799 1200 1863 timens
1221 1819 1259 1862 ne
1281 1805 1493 1880 grassetur.-

167 1906 325 1988 νομίζειν;
347 1905 405 1969 inf.
428 1907 554 1990 positus
577 1928 637 1990 pro
660 1906 806 1989 imperat.
829 1941 873 1951 -
896 1906 1026 1969 seranta
1049 1907 1180 1986 tropaeis
1202 1905 1400 1990 iungendum
1425 1929 1497 1972 oum

164 2015 254 2075 tntu.
300 2013 458 2077 araneolata
486 2013 622 2078 aduersa
651 2011 823 2097 quaelibet.
849 2048 886 2056 -
914 2015 1043 2094 postu.
1067 2011 1158 2075 illum
1180 2031 1233 2094 spe
1255 2033 1371 2094 atroque
1394 2011 1496 2078 Roneo

162 2117 233 2180 boni
255 2117 414 2201 quaedam
437 2124 573 2204 apparet
595 2120 723 2204 hausta,
746 2119 862 2202 quibus
886 2119 925 2182 de
948 2117 1058 2182 uerbis
1083 2117 1118 2181 in
1140 2117 1260 2182 litteris
1280 2117 1367 2184 VOT
1387 2120 1495 2184 decur-

163 2223 310 2288 rentibus
334 2228 492 2310 ageretur.

252 2329 352 2396 XXa.
411 2335 556 2399 earmina
589 2354 670 2418 quae
703 2335 862 2398 uocantur
893 2332 1035 2416 figurata
1065 2331 1166 2396 habes
1202 2331 1325 2396 Graeca
1351 2332 1495 2416 ·syringa

164 2429 339 2522 Theocriti,
363 2461 460 2523 quam
483 2443 609 2524 putant,
633 2437 788 2504 Simmiae
812 2439 949 2502 securim
973 2440 1006 2501 et
1028 2459 1124 2502 ouum
1149 2441 1244 2523 atque
1268 2438 1336 2502 alas
1351 2437 1494 2520 Amoris,

162 2543 325 2609 Doriadae
345 2548 378 2609 et
391 2545 562 2611 Besantini
586 2568 670 2630 arae,
694 2568 775 2630 quae
798 2567 899 2630 nuper
922 2545 1008 2630 typis
1032 2543 1164 2628 repetiit
1186 2543 1347 2630 Bergkius
1372 2544 1495 2609 anthol.

163 2648 216 2714 Gr.
239 2672 315 2736 pgg.
330 2651 514 2717 510-518.
554 2653 589 2716 hi
612 2655 723 2717 tamen
745 2653 834 2716 lusus
859 2656 895 2716 ut
918 2653 1041 2716 minore
1066 2671 1143 2714 eura
1166 2651 1291 2741 numeri
1313 2651 1496 2716 litterarum

161 2778 220 2820 ueo
233 2757 306 2840 pari
321 2758 528 2841 simplicitate
543 2763 731 2844 metrorum,
745 2760 792 2824 ita
808 2758 954 2824 difficiles
970 2741 1073 2843 magis
1090 2761 1123 2821 et
1132 2757 1276 2822 intricati
1285 2756 1494 2842 Porfyrianis.

253 2865 274 2928 2
299 2863 467 2930 Caesarum
491 2847 590 2954 etiam
613 2865 815 2930 referendum
840 2866 881 2930 ad
903 2867 1041 2930 Martios
1066 2864 1190 2930 labores.

254 2973 271 3034 7
296 2977 428 3054 anqusta
450 2971 648 3056 iungendum
673 2994 746 3037 oum
769 2973 827 3038 illo
852 2978 984 3055 tropaea.

254 3077 294 3141 10
318 3079 401 3160 totio,
425 3078 574 3142 onnilais.
667 3079 706 3141 11
732 3079 1021 3160 noannoeane.

252 3182 294 3248 25
317 3183 425 3266 Foebi,
448 3187 485 3247 ut
504 3207 529 3248 o.
544 3184 622 3248 XXI
640 3185 806 3267 Pompeias
825 3187 858 3248 et
877 3205 901 3248 e.
916 3182 1010 3247 XXII
1028 3185 1127 3268 Frpa.
1161 3183 1254 3266 quod·
1269 3184 1369 3267 uulgo
1392 3184 1496 3247 fertur

162 3290 246 3369 fonte
268 3288 384 3354 Phoebi
407 3291 568 3374 quomodo
592 3291 698 3374 possit
721 3291 879 3374 expediri,
902 3311 969 3354 non
992 3291 1095 3354 uideo.

248 3393 355 3479 XXb,
379 3398 399 3460 2
423 3398 473 3461 sni
494 3397 514 3462 i.
538 3419 563 3460 e.
588 3390 757 3466 aaaron(
839 3399 856 3461 l
876 3402 1029 3478 postremo
1053 3397 1183 3462 aduerb.

190 3563 196 3572 .
228 3503 270 3566 *8
294 3523 421 3567 osanna
443 3505 522 3588 iugi,
544 3505 695 3568 continuo.

251 3609 282 3692 8,
307 3610 348 3672 10
371 3611 509 3694 claudat,
530 3612 745 3694 dinumerans,
769 3631 885 3694 capena,
909 3609 1008 3676 aaa«

252 3716 292 3780 13
316 3737 442 3780 noemae
465 3716 655 3780 litterarum.
681 3753 718 3762 -
745 3719 984 3800 aequiperando,
1007 3719 1218 3800 managans.

255 3821 295 3884 14
318 3821 536 3906 haeospeaiea,
559 3843 704 3906 arpanon.
817 3876 828 3912 ,

251 3926 293 3991 15
316 3931 433 4012 modae,
456 3933 564 3994 cantas
586 3930 731 3994 modulos.
760 3967 801 3976 -
824 3915 940 4013 enrpet,
964 3929 1073 3993 ‘altius
1096 3928 1260 4012 proaedet'
1285 3929 1434 3994 Wernsd.
1450 3969 1492 3976 --

156 4033 306 4114 aradibus
319 4037 447 4120 sononia,
462 4034 554 4120 ‘quos
569 4037 640 4100 tubi
655 4037 765 4100 sonori
778 4035 910 4119 faciunt,
926 4037 966 4100 ab
982 4036 1083 4100 aeutis
1099 4034 1140 4098 ad
1153 4035 1333 4118 grauiores'
1344 4037 1494 4103 Wernsd.

252 4141 292 4204 16
316 4161 385 4206 aere
407 4163 483 4206 cano
506 4147 535 4206 et
557 4143 657 4218 tereti;
682 4140 710 4203 ‘e
734 4163 797 4224 quo
822 4141 958 4206 confecti
982 4144 1058 4205 sunt
1080 4140 1151 4204 tubi
1173 4141 1227 4204 uel
1250 4143 1389 4208 canales.
1419 4143 1495 4208 hino

160 4243 356 4312 Claudianus
375 4253 503 4332 segetem
520 4248 651 4313 aimoin
676 4249 781 4331 uoeat,
804 4247 936 4312 Hieron.
955 4247 996 4311 ad
1014 4245 1202 4310 Dardanum
1221 4249 1335 4315 ciendos
1352 4249 1494 4316 ulaeneae’

159 4351 309 4418 Wernsd.
341 4391 384 4401 -
416 4356 546 4420 calamis
568 4355 778 4440 ementitae,
812 4353 864 4417 ‘ut
892 4355 926 4417 iu
953 4353 1063 4417 fistula
1090 4354 1280 4450 pastoricia,
1314 4357 1365 4421 oui
1387 4360 1496 4424 erescit

159 4461 326 4528 arundinis
349 4460 438 4525 ordo’
463 4459 615 4527 Wernsd.
918 4473 920 4478 '

251 4567 289 4630 17
320 4569 390 4648 qais
417 4589 477 4652 pro
504 4569 627 4651 quidne,
656 4571 689 4630 et
716 4570 766 4630 est
789 4566 888 4630 datiu.
919 4599 964 4610 —-
994 4565 1157 4647 subponas
1180 4569 1343 4658 prandeatis
1359 4569 1495 4652 plectra,

160 4671 224 4735 abl.
248 4673 315 4736 abs.
354 4672 480 4757 paeana
502 4677 670 4758 quadrata,
694 4671 1026 4754 montemmaranum
1050 4665 1365 4757 Vitruuius'repnlao
1386 4681 1492 4762 uocat,

159 4779 277 4863 quibus
301 4780 397 4845 tantis
422 4781 525 4846 oietur
548 4803 646 4846 sonus
671 4777 884 4844 calamorum'
908 4778 1058 4844 Wernsd.
1183 4860 1186 4870 Ι
