3586 5678
400 1069 441 1138 In
461 1071 523 1139 hcc
546 1073 666 1160 pagina
689 1095 800 1140 omncs
819 1095 932 1141 uersus
950 1073 1147 1140 tricenarum
1167 1073 1337 1160 quinarum
1355 1073 1540 1140 litterarum
1561 1076 1648 1151 sunt,

313 1185 361 1245 set
379 1181 476 1265 primi
495 1201 608 1246 uersus
626 1181 733 1266 primo
754 1183 865 1246 littera
888 1179 910 1246 S
933 1183 1113 1246 communis
1136 1185 1188 1246 est
1205 1203 1278 1246 cum
1296 1181 1522 1246 acrostichidis
1541 1184 1648 1262 [acro-

312 1287 485 1388 stichidii];
520 1305 633 1370 ultimo
663 1306 795 1390 [primo]
830 1307 940 1370 littera
970 1304 992 1370 S
1023 1291 1203 1372 cominunis
1235 1311 1287 1370 est
1315 1327 1386 1372 cum
1416 1304 1646 1370 telostichidis:

312 1413 428 1477 ultima
450 1413 562 1477 littera
588 1413 798 1477 acrostichidis
824 1419 854 1477 et
881 1413 1085 1492 telostichidis,
1112 1413 1145 1476 id
1168 1417 1219 1478 est
1242 1411 1264 1478 S
1292 1413 1470 1479 communis
1498 1415 1549 1476 est
1572 1433 1644 1475 cum

311 1520 425 1584 ultimo
455 1542 565 1584 uersu:
600 1519 697 1603 primi
724 1542 838 1584 uersus
868 1519 974 1584 medic
1002 1521 1126 1604 littera,
1157 1519 1191 1584 id
1220 1523 1271 1585 cst
1300 1523 1417 1585 octaua
1446 1520 1584 1602 decima,
1611 1516 1646 1602 S,

312 1631 409 1711 caput
436 1631 487 1690 est
512 1626 611 1690 medii
638 1647 766 1692 uersus:
804 1626 1028 1692 acrostichidis
1055 1627 1163 1691 medic
1189 1627 1311 1710 littera,
1343 1648 1424 1712 quae
1452 1631 1503 1690 est
1526 1629 1646 1691 octaua

310 1734 447 1818 decima,
471 1732 508 1813 S,
530 1733 648 1817 incipit
669 1733 770 1797 alium
793 1733 935 1797 medium
956 1755 1099 1798 uersum:
1123 1733 1178 1819 qui
1201 1733 1298 1797 medii
1320 1755 1434 1798 uersus
1456 1733 1509 1797 uel
1532 1732 1573 1796 ad
1596 1733 1645 1796 di-

310 1845 434 1905 rectum
465 1841 513 1905 ire
540 1843 693 1924 possunt,
725 1841 778 1904 uel
805 1863 825 1904 a
855 1839 962 1905 medio
988 1839 1087 1923 flecti,
1120 1840 1206 1904 idem
1234 1837 1396 1905 sonantes.
1446 1837 1509 1904 Est
1535 1843 1644 1902 autem

310 1968 422 2012 uersus
449 1947 506 2032 qui
533 1969 591 2031 per
618 1969 730 2012 omnes
753 1947 813 2012 has
836 1952 945 2032 partes
970 1951 1067 2013 sonat

603 2107 716 2173 Sancte
738 2109 785 2172 ici
806 2109 891 2174 cotis
913 2107 1029 2174 occur
1050 2109 1192 2174 miserere
1213 2128 1345 2174 soccus.

402 2266 549 2344 Quadrae
573 2271 734 2353 quattuor,
757 2269 870 2335 eodem
900 2291 996 2334 uersu
1020 2267 1141 2346 clusae,
1172 2267 1295 2332 habent
1315 2289 1375 2351 per
1396 2288 1510 2331 omnes
1534 2269 1643 2351 partes

315 2397 410 2441 senas
433 2374 534 2440 denas
556 2375 697 2459 litteras,
726 2376 761 2440 in
789 2375 906 2460 quibus
929 2374 1059 2460 quadris
1082 2374 1197 2438 mediis
1220 2379 1356 2438 octonae
1378 2374 1509 2438 litterae
1534 2373 1575 2436 ad
1597 2372 1643 2435 di-

311 2487 434 2547 rectum
456 2482 557 2546 minio
581 2481 721 2566 scriptos
744 2482 869 2548 faciunt
890 2503 1020 2546 uersum

619 2643 730 2708 Aureo
751 2645 797 2708 sic
818 2643 933 2708 mundo
954 2644 1101 2724 disponas
1122 2641 1245 2706 occia
1267 2646 1335 2707 toto.
