3586 5678
662 610 781 676 xxm.
820 609 934 692 [nu]

331 769 478 855 Ingemui
502 770 655 856 grauiter,
679 770 837 836 Graecum
860 771 1034 836 miseratus
1058 770 1205 854 amicum,

330 876 390 942 Cui
413 898 487 940 mea
509 899 613 962 mens,
638 877 780 942 admissa
803 877 929 962 dolens,
953 877 1044 961 cupit
1067 877 1176 942 omnia
1198 875 1269 960 fari,

331 984 425 1050 Solus
448 989 485 1049 ut
507 986 586 1050 haee
610 986 736 1051 occulta
759 986 869 1071 legens
893 1007 928 1049 se
951 984 1092 1049 concitet
1114 984 1172 1068 ire,

332 1092 481 1178 Vndique
506 1092 660 1156 adflixum
683 1091 799 1157 uinclis
824 1094 1014 1177 sortemque
1036 1091 1149 1175 teneri,

331 1197 394 1262 Sed
416 1199 524 1263 uitans
548 1198 683 1284 multoS,
706 1220 786 1283 quos
810 1199 906 1263 foeda
929 1197 970 1262 ad
992 1197 1098 1282 iurgia
1121 1196 1215 1262 coiux

331 1304 481 1369 Voluerit
502 1306 617 1391 iratos,
639 1328 703 1370 neu
727 1305 863 1370 candida
884 1304 1007 1368 femina
1030 1303 1189 1370 Graecum

297 1397 304 1408 ’
329 1409 407 1473 Mox
429 1410 518 1491 karis
541 1410 673 1475 hebetet
694 1413 783 1495 telis,
805 1412 888 1476 nihil
910 1413 1048 1496 inproba
1071 1411 1169 1497 cygni

321 1508 527 1600 ‘Deposuisse
550 1517 663 1582 uidens
686 1517 857 1604 Helenam,
881 1519 933 1584 cui
956 1519 1063 1604 gratia
1085 1518 1171 1583 binis

330 1621 436 1687 Maior
459 1623 636 1689 adulteriis.
681 1624 722 1690 do
745 1626 877 1690 nomina
901 1629 1015 1690 cuncta
1037 1626 1184 1690 libenter.

330 1728 425 1794 Musa
448 1733 543 1795 sonat
565 1729 705 1796 Graecis.
750 1731 839 1818 Fryx
862 1733 969 1817 coiux,
993 1727 1085 1798 crede
1109 1731 1246 1797 canenti.

687 2053 807 2120 xnv.
831 2051 913 2140 [m]

349 2211 375 2276 Ο
400 2175 455 2296 qui
478 2211 653 2281 Tartareas
675 2215 756 2300 pede
778 2215 888 2280 fauces
911 2214 1051 2299 proteris
1076 2213 1173 2296 alma,

348 2317 375 2381 Ο
399 2313 550 2385 miserate
574 2326 662 2408 tuos,
686 2324 757 2408 quis
781 2323 878 2408 ignea
899 2322 1024 2405 templa
1047 2318 1190 2402 supremi

347 2424 474 2520 Adnuis
498 2449 569 2493 esse
592 2429 673 2514 poli,
696 2430 752 2512 pia
773 2429 854 2494 lucis
877 2448 978 2513 regna
1000 2429 1166 2511 paternae,

348 2533 396 2596 Tu
419 2535 523 2598 uirtus
547 2539 678 2600 aeterna
702 2535 766 2620 dei,
788 2537 896 2600 tecum
919 2535 1042 2620 omnia,
1066 2532 1203 2616 Christe,

349 2639 439 2708 Tunc
461 2645 555 2726 pater
578 2665 724 2727 exorsus,
748 2665 821 2708 cum
843 2642 946 2720 moles
970 2641 1078 2716 obsita
1101 2642 1196 2726 pigro

348 2745 504 2832 Squalore
529 2749 672 2830 emersit,
696 2749 868 2834 positoque
893 2749 1145 2833 adrisitoperto

347 2853 433 2919 Ante
457 2859 547 2920 ortus
570 2856 751 2943 hominum3
776 2861 889 2924 saneto
913 2861 963 2941 tu,
986 2856 1073 2940 diue,
1096 2854 1239 2920 Tonanti

310 2998 313 3000 v
349 2959 499 3028 Secretae
522 2963 617 3030 uires.
662 2987 758 3050 quem
780 2968 888 3030 tutum
910 2986 1000 3030 mens
1024 2961 1191 3048 genitoris,

348 3067 425 3134 Sola
447 3073 562 3136 tenens
585 3071 789 3157 prudensque
813 3072 879 3155 dei,
902 3071 992 3156 deus,
1015 3069 1190 3154 interioris,

348 3175 502 3259 Principii
526 3177 672 3242 sobolem
694 3177 829 3262 nullius,
852 3181 946 3242 uasta
969 3180 1101 3243 cruento

350 3281 444 3357 Quod
466 3282 555 3347 Mors
578 3279 739 3369 regnabat
761 3285 841 3368 leto,
863 3289 936 3350 rata
958 3283 1077 3370 gaudia
1099 3282 1185 3348 fudit

289 3444 294 3452 .
351 3389 413 3454 Ore
437 3389 649 3474 medellifero,
671 3413 731 3457 nee
753 3413 859 3476 poena
881 3395 1013 3476 perpete
1036 3390 1146 3476 frangi

347 3496 510 3580 Depulsos
533 3497 681 3562 homines
704 3498 828 3582 placuit
851 3498 1014 3564 natalibus
1039 3497 1145 3564 astris.

350 3603 432 3668 Tum
455 3607 491 3668 tu
514 3604 687 3688 prostratis
711 3605 798 3670 uitae
822 3606 889 3690 uia,
913 3606 969 3670 sed
991 3609 1102 3671 tamen
1125 3605 1204 3670 olim

349 3711 510 3796 Praesago
535 3710 703 3778 admonitu
726 3715 758 3775 te
782 3716 895 3777 uatum
917 3713 988 3778 fata
1011 3713 1180 3778 canebant.

349 3817 408 3903 Te,
432 3819 509 3902 quia
531 3816 685 3882 fecundus
708 3840 806 3902 porro
831 3822 921 3884 ortus
945 3841 1035 3884 error
1058 3819 1187 3904 agebat,

350 3923 485 3989 Consilii
508 3927 545 3988 ut
568 3946 727 3988 summam
750 3946 858 3988 rerum
882 3927 981 4015 sator
995 3925 1094 3990 edidit
1117 3947 1182 4009 ore,

353 4030 379 4095 Ο
403 4053 478 4095 uere
501 4031 604 4116 patris
629 4032 796 4116 sapientia,
820 4031 961 4118 Christe,
985 4033 1138 4116 opulento

348 4138 488 4202 Exertus
511 4138 625 4222 uerba,
649 4138 815 4202 detrusum
837 4138 872 4202 in
895 4138 1026 4204 uincula
1049 4140 1164 4204 mortis

348 4244 425 4309 Mox
447 4244 613 4309 hominem
637 4245 751 4325 sumis,
775 4266 918 4328 quaeque
942 4249 992 4309 est
1014 4246 1064 4308 uis
1088 4268 1153 4311 una
1176 4246 1285 4330 saluti,

349 4350 466 4414 Infima
489 4350 622 4436 dignare
645 4349 731 4434 quod
752 4355 887 4414 naturae
911 4351 1022 4416 ordine
1045 4353 1143 4436 recto,

349 4457 396 4521 Vt
418 4459 566 4540 perculsa
588 4458 690 4542 leues,
713 4457 867 4522 inclinare
889 4459 959 4540 ipse
982 4458 1111 4524 iacenti.

350 4563 426 4628 Non
449 4586 466 4627 e
489 4567 617 4630 terreno
641 4586 758 4648 eorpus
780 4564 842 4628 tibi
864 4565 1005 4647 pondere
1028 4568 1181 4652 tractum3

349 4670 520 4736 Praecelso
545 4670 601 4735 sed
623 4671 716 4755 uirgo
740 4673 867 4734 uterum
891 4671 929 4734 de
953 4673 1074 4737 semine
1097 4674 1177 4757 feta3

349 4775 418 4841 Nee
441 4778 532 4864 segni
556 4779 644 4843 coitu
666 4780 775 4862 natus,
800 4778 855 4843 sed
878 4778 1022 4865 coniuge
1038 4781 1127 4846 eaelo
1151 4802 1195 4865 es,
