3626 5676
441 1171 817 1244 PANEGYRIOVS
855 1171 1233 1260 CONSTANTINI.

779 1380 804 1446 1.
835 1379 886 1462 [1.]

382 1522 470 1598 Quae
494 1523 657 1608 quondam
681 1545 791 1588 suetas
813 1524 949 1608 pulchro
974 1523 1125 1590 decorata
1148 1525 1258 1590 libello

426 1627 564 1694 Carmen
585 1629 620 1694 in
645 1629 784 1715 Augusti
806 1629 890 1695 ferre
913 1630 1028 1696 Thalia
1051 1653 1178 1717 manus,

382 1735 478 1800 Ostro
502 1738 573 1801 tota
595 1737 715 1822 nitens,
740 1740 874 1822 argento
899 1759 1041 1823 auroque
1064 1738 1206 1806 coruscis

425 1839 552 1926 Scripta
573 1843 676 1922 notis,
698 1844 786 1928 picto
808 1843 910 1908 limite
934 1843 1020 1909 dicta
1041 1848 1170 1929 notans,
1220 1885 1222 1890 ·

380 1946 553 2032 Scriptoris
576 1948 658 2015 bene
681 1953 812 2034 compta
834 1972 934 2014 manu
957 1950 1137 2035 meritoque
1160 1951 1308 2016 renidens
1332 1987 1338 2002 κ

425 2053 629 2141 Granicum,
652 2056 773 2121 domini
796 2057 920 2121 nisibus
944 2061 1021 2141 apta
1045 2058 1155 2141 sacris,
1212 2139 1214 2146 Α

380 2161 506 2227 Pallida
528 2183 614 2226 nunc
637 2165 708 2228 atro
731 2161 878 2226 chartam
901 2163 1024 2228 suffusa
1047 2163 1164 2249 colore,

423 2268 569 2353 Paupere
591 2269 647 2332 uix
668 2269 768 2333 minio
793 2270 936 2334 carmina
959 2270 1124 2336 dissocias,

379 2374 463 2440 Hinc
486 2375 612 2458 trepido
635 2375 716 2459 pede
739 2378 826 2441 tecta
848 2376 933 2460 petis
956 2378 1150 2443 uenerabilis
1175 2380 1276 2464 aulae,

422 2480 565 2548 Horrida
588 2481 675 2567 quod
696 2483 833 2547 nimium
856 2483 900 2548 sit
922 2487 979 2548 tua
1000 2506 1086 2549 nunc
1109 2484 1218 2550 facies.

378 2586 448 2652 Hos
471 2587 601 2652 habitus
624 2587 709 2652 uatis
731 2588 915 2670 praesentia
937 2587 1007 2653 fata
1029 2593 1206 2676 merentur3

422 2694 488 2758 Vix
510 2696 599 2760 locus
622 2694 685 2760 hoc
708 2695 824 2760 saltem
847 2695 997 2779 praebuit
1018 2696 1105 2760 unde
1128 2696 1228 2760 uenis.

379 2799 553 2886 Supliciter
576 2804 686 2866 tamen
708 2802 754 2866 ire
777 2805 870 2885 potes
894 2801 1123 2888 dominumque
1145 2803 1283 2888 precari:

422 2906 561 2994 Squalor
584 2911 617 2972 et
639 2909 701 2973 hae
725 2909 837 3002 sordes
860 2909 1057 2974 conueniunt
1079 2909 1215 2975 miseris.

379 3013 461 3080 Cum
484 3015 606 3080 dederit
629 3015 768 3080 clemens
790 3017 919 3080 ueniam
942 3017 1118 3100 natumque
1141 3015 1307 3100 laremque

421 3121 621 3207 Reddiderit,
645 3122 784 3206 comptis
807 3122 870 3186 ibis
895 3125 927 3186 et
950 3121 1022 3205 ipsa
1045 3121 1155 3206 comis,

375 3229 542 3313 Purpureo
565 3229 693 3314 fulgens
718 3228 846 3312 habitu,
868 3228 1071 3294 radiantibus
1094 3229 1192 3312 intus,

422 3335 469 3400 Vt
492 3335 667 3420 quondam,
691 3334 819 3418 scriptis
843 3333 1016 3424 ambitiosa
1039 3335 1113 3402 tuis.

748 3654 789 3719 u.
821 3654 905 3736 [vr]

377 3797 494 3862 Sancte
518 3797 567 3861 tui
590 3797 675 3862 uatis
699 3793 819 3861 Caesar
841 3795 993 3860 miserere
1018 3799 1161 3862 serenus!

375 3907 522 3989 Auguste
547 3904 768 3988 omnipotens,
791 3904 877 3968 almo
899 3901 1052 3968 mortalia
1075 3906 1190 3967 cuneta

375 4009 516 4076 Numine
539 4011 734 4095 laetificans,
756 4011 851 4075 nobis
876 4010 916 4074 ad
939 4009 1058 4094 gaudia
1080 4030 1206 4094 nomen,

375 4116 603 4202 Constantine,
626 4121 718 4182 tuum
740 4115 867 4182 fecundi
891 4115 1043 4180 carminis
1067 4138 1106 4180 cx
1128 4115 1190 4180 hoc

374 4223 419 4289 Te
443 4223 521 4288 duce
545 4223 600 4288 det
622 4222 743 4287 Musas.
779 4243 856 4286 nam
877 4221 980 4285 tristis
1004 4243 1081 4286 cura
1103 4223 1233 4286 recusat

373 4329 533 4415 Egregios
557 4333 657 4393 actus.
693 4328 759 4392 iam
783 4326 895 4392 sedent
918 4325 1054 4390 crimina
1076 4326 1206 4392 Parcae.

374 4435 464 4500 Tunc
487 4436 603 4500 melius
627 4434 792 4500 dominum
815 4436 847 4497 te
870 4455 935 4497 uox
958 4454 1071 4496 secura
1094 4433 1232 4519 sonabit,

373 4542 543 4608 Virtutum
565 4542 683 4607 rectori
707 4540 814 4624 potuit
837 4539 890 4604 uix
914 4559 1053 4624 pangere
1077 4561 1173 4605 uersu

372 4649 441 4713 Ista
464 4648 573 4732 modo,
597 4652 630 4713 et
652 4649 777 4712 maesto
802 4646 847 4710 sic
871 4645 980 4711 saltim
1004 4646 1108 4712 dicere
1131 4648 1199 4712 usti

373 4754 436 4825 Vis
459 4754 540 4825 mihi
563 4752 709 4843 Calliope
732 4753 894 4844 pauitanti
917 4753 1046 4824 conseia
1067 4756 1150 4824 nutu
