3626 5676
910 677 966 744 nr.
990 678 1088 761 [nn]

549 853 728 920 castalides
751 854 882 922 domino
906 855 1064 920 uirtutum
1086 854 1205 920 tradite
1228 851 1385 938 palmam!
1435 867 1437 871 ·

547 959 782 1026 Constantinus
804 959 906 1026 habet
927 961 1087 1028 bellorum
1110 961 1180 1025 iure
1202 963 1381 1043 tropaeum,

546 1065 682 1132 Vindice
706 1067 765 1132 sub
788 1068 901 1133 dextra
922 1067 1057 1133 reddens
1081 1067 1220 1132 feliciter
1242 1065 1363 1150 orbem,

548 1171 702 1238 Consiliis
725 1174 844 1240 iterum
868 1175 1006 1240 suadens
1031 1179 1063 1241 et
1086 1177 1203 1240 cuncta
1225 1171 1354 1256 reterre,

548 1279 669 1364 Rama,
692 1279 762 1346 tibi.
808 1281 902 1346 bellis
926 1304 999 1346 oum
1022 1303 1120 1346 saeua
1142 1281 1304 1346 innectere
1328 1280 1434 1364 possit

550 1385 668 1450 Vincla
690 1385 772 1471 iugi,
794 1386 898 1452 uirtus
922 1387 1011 1452 mitis
1034 1409 1099 1452 non
1122 1389 1228 1451 armat
1249 1385 1284 1450 in
1306 1385 1444 1470 hostem,

549 1489 605 1556 Set
628 1512 746 1577 magno
769 1493 896 1577 patiens
919 1493 1030 1558 docuit
1052 1492 1227 1558 certamine
1249 1513 1395 1577 parcens,

548 1597 633 1674 Quid
655 1598 759 1683 pietas
782 1599 880 1666 donet
903 1603 978 1684 post
1000 1601 1068 1684 pila
1090 1599 1228 1664 minacia
1251 1601 1401 1666 clemens.

545 1704 640 1770 Nunc
663 1705 744 1770 mibi
767 1706 832 1770 iam
855 1711 925 1772 toto
949 1706 1069 1772 dociles
1092 1705 1248 1772 Helicone
1271 1703 1431 1772 Camenae

546 1811 668 1876 Mittite
692 1814 878 1896 conpositas
901 1813 936 1878 in
958 1817 1107 1898 tempora
1130 1811 1224 1877 mitia
1245 1813 1381 1896 palmas,

546 1917 675 1982 Nectite
698 1919 737 1983 de
761 1920 873 1984 metris
896 1917 1055 1984 uirtutum
1079 1919 1224 1984 carmina
1246 1921 1280 1982 et
1303 1938 1413 1982 omnes

547 2023 729 2109 Concinite,
752 2029 788 2090 ut
810 2025 919 2090 fructu
941 2025 1018 2090 felix
1041 2029 1074 2090 et
1096 2025 1241 2109 principe
1264 2023 1364 2109 digna

547 2128 612 2194 Det
634 2131 753 2214 stirpes
777 2135 902 2216 gratas,
925 2135 1037 2198 texens
1060 2155 1140 2216 quas
1163 2132 1284 2217 pagina
1307 2153 1402 2196 uersu

548 2235 633 2302 Huic
655 2241 787 2320 uoueat,
810 2239 907 2304 titulo
930 2242 1096 2324 uotorum,
1120 2238 1262 2304 carmine
1285 2237 1420 2322 pollens.

549 2343 671 2410 Pierios
695 2343 791 2429 mibi,
813 2344 958 2430 Phoebe,
979 2349 1037 2411 tuo
1061 2345 1100 2410 de
1123 2345 1255 2410 numine
1277 2345 1444 2429 praestent

548 2449 668 2515 Fontes
692 2449 868 2536 Castaliae,
891 2458 961 2537 tua,
985 2453 1013 2517 si
1036 2453 1113 2517 licet
1136 2452 1197 2537 ire,
1220 2471 1398 2537 peragrans
1476 2513 1485 2532 ‚

548 2555 640 2622 Mens
663 2557 741 2642 iuga
764 2559 850 2622 celsa
872 2561 975 2642 petet,
998 2580 1124 2623 mecum
1148 2557 1176 2622 si
1199 2577 1341 2642 pangere
1364 2578 1461 2622 uersu

547 2662 642 2727 Musa
665 2663 745 2729 uelit
767 2667 860 2730 tanto
882 2666 949 2730 iam
971 2688 1056 2732 nunc
1080 2667 1140 2730 sub
1163 2665 1307 2750 principe
1329 2665 1425 2747 laeta,

547 2769 667 2834 Laudis
691 2769 775 2835 dona
797 2771 919 2852 ferens,
942 2794 1097 2838 resonans
1121 2772 1265 2857 insignia
1288 2770 1397 2852 ramis,

547 2875 743 2942 Vincentem
766 2878 870 2944 iustos
894 2879 1011 2964 audax,
1034 2879 1115 2944 mihi
1137 2879 1202 2944 fida
1224 2877 1416 2962 triumphos,

547 2983 592 3048 Et
614 2983 766 3048 meritum
789 2985 885 3050 iustis
909 2989 961 3050 tot
983 2985 1114 3050 reddere
1138 2985 1248 3050 nobile
1270 2984 1405 3070 palmas,

547 3088 711 3155 Aonidum
735 3113 816 3175 quas
838 3093 923 3156 ualle
945 3091 1047 3156 fluens
1071 3092 1132 3156 alit
1154 3091 1241 3156 unda
1263 3091 1395 3176 rigatae.

548 3195 678 3280 Sancte,
702 3198 1060 3283 salusmundi,ar1nis
1084 3197 1267 3282 insignibus
1291 3197 1414 3280 ardens,

547 3301 675 3387 Crispe,
699 3305 769 3368 auis
792 3305 917 3388 melior,
942 3307 975 3368 te
998 3304 1140 3369 carmine
1163 3305 1250 3368 laeta
1273 3303 1411 3369 secundo

548 3407 620 3473 Clio
644 3408 738 3474 Musa
762 3413 962 3474 sonans-rua
984 3410 1071 3475 fatur
1093 3411 1230 3494 pulchra
1253 3409 1412 3475 iuuentae.

547 3514 667 3581 Nobile
690 3521 726 3580 tu
750 3517 845 3582 decus
868 3539 903 3582 es
925 3518 1028 3600 patri,
1049 3519 1148 3602 tuque
1172 3517 1257 3580 alme
1281 3517 1440 3593 Quiritum

547 3623 592 3687 Et
615 3645 689 3707 apes
714 3624 802 3688 orbis
826 3625 898 3688 eris.
943 3647 1003 3688 nos
1027 3624 1145 3689 mentis
1169 3625 1323 3710 culmine,
1346 3621 1475 3707 Caesar,

546 3728 597 3792 Tu
620 3729 754 3794 uincens
776 3730 866 3814 pacis
890 3729 1077 3815 gratissima
1093 3729 1232 3810 foedera
1255 3753 1382 3816 semper

546 3834 697 3920 Indulge,
721 3835 881 3900 etfacilis
904 3839 1017 3921 genter
1042 3835 1181 3921 adiunge
1205 3839 1369 3922 rogantes,

545 3940 673 4024 Facque
695 3941 746 4006 tui
768 3942 861 4025 iuris,
884 3941 1027 4026 gaudens
1050 3942 1227 4008 uirtutibus
1251 3943 1363 4008 auctis.

548 4045 783 4112 Constantinus
807 4047 898 4130 item,
921 4048 992 4111 laus
1017 4048 1119 4132 orbis,
1143 4049 1249 4133 gloria
1273 4050 1380 4134 saecli,

546 4152 740 4217 Romuleum
764 4153 866 4237 sidua,
888 4153 943 4218 lux
967 4153 1122 4237 clemens,
1146 4155 1262 4220 inolita
1284 4157 1395 4221 fratris

548 4256 713 4345 Nobilitas
737 4260 882 4342 proauis,
901 4281 1015 4324 uerum
1038 4263 1071 4324 et
1093 4263 1303 4328 memorabile
1326 4263 1414 4328 fama

546 4364 703 4430 Restituit
725 4366 831 4431 uictor
854 4363 974 4431 Caesar
997 4389 1177 4451 nomenque
1201 4369 1369 4454 decusque.

549 4469 666 4536 Sancte
689 4475 796 4558 pater,
819 4474 927 4537 rector
950 4494 1117 4557 superum,
1138 4475 1288 4540 uicennia
1310 4477 1398 4540 laeta

548 4577 697 4666 Augusto
721 4583 753 4646 et
777 4578 880 4644 decies
904 4582 1052 4646 crescant
1075 4580 1243 4646 sollemnia
1265 4582 1364 4646 natis!

866 4814 1131 4829 W
