3586 5678
386 1005 425 1070 In
447 1005 509 1071 hac
532 1005 673 1090 adaeque
696 1005 818 1092 pagina
840 1028 898 1090 per
921 1028 1032 1072 omnes
1055 1029 1168 1072 uersus
1192 1006 1333 1072 tricenae
1357 1006 1475 1091 quinae
1498 1005 1623 1070 litterae

300 1114 389 1177 sunt:
411 1134 469 1196 per
492 1133 588 1196 quam
613 1113 765 1197 paginam
789 1112 973 1178 discurrunt
996 1113 1059 1178 duo
1083 1135 1194 1178 uersus
1218 1112 1256 1178 da
1275 1113 1376 1178 minio
1396 1112 1518 1196 scripti,
1541 1114 1623 1174 uter-

299 1240 360 1303 que
379 1219 548 1303 quinarum
568 1220 710 1304 partium
730 1219 894 1302 orationis,
918 1241 999 1304 quae
1018 1218 1165 1304 singulae
1185 1223 1333 1304 septenas
1351 1220 1479 1284 litteras
1497 1218 1624 1300 habent,

299 1347 435 1410 quarum
458 1325 572 1390 ultima
594 1327 744 1390 manente
758 1324 924 1410 ‘quattuor
951 1326 1036 1390 inter
1058 1346 1092 1390 se
1120 1325 1207 1390 uices
1230 1329 1357 1390 mutant
1379 1326 1440 1410 ita,
1463 1328 1501 1388 ut
1522 1323 1624 1408 prima

299 1432 326 1498 si
353 1431 435 1496 uelis
465 1431 508 1496 sit
534 1435 664 1516 quarta,
695 1434 728 1496 et
754 1435 869 1516 quarta
897 1454 1024 1497 rursum
1051 1432 1170 1516 prima,
1202 1431 1341 1498 secunda
1370 1454 1443 1498 cum
1471 1431 1553 1495 uelis
1584 1430 1624 1494 sit

298 1539 404 1624 tertia,
427 1541 460 1602 et
482 1538 579 1602 tertia
602 1560 675 1603 oum
698 1538 780 1602 uelis
804 1539 847 1602 sit
870 1539 1018 1623 secunda,
1041 1543 1074 1604 et
1096 1539 1246 1602 manente
1270 1537 1384 1602 ultima
1406 1538 1465 1601 fiat
1487 1536 1623 1620 recipro-

299 1666 355 1709 cus
382 1643 594 1709 multifariam
621 1665 748 1729 uersus,
777 1666 844 1708 non
872 1645 976 1710 solum
1003 1645 1074 1730 ipse
1102 1665 1135 1708 se
1159 1647 1305 1730 mutans,
1332 1643 1388 1708 sed
1411 1647 1538 1708 etcum
1560 1643 1623 1706 alio

298 1773 394 1816 uersu
423 1751 556 1815 eandem
586 1750 753 1815 uarietatis
784 1751 936 1834 optinens
966 1751 1140 1836 rationem,
1171 1751 1282 1816 ordine
1315 1753 1443 1816 seruato
1476 1751 1624 1834 partium,

299 1880 396 1941 quom
426 1859 535 1940 [quae]
563 1857 683 1922 mutari
711 1857 806 1942 uelis,
838 1861 875 1922 ut
904 1857 1011 1942 possis
1039 1857 1186 1942 quamuis
1214 1857 1287 1922 inde
1316 1860 1441 1942 partem
1470 1855 1623 1920 orationis

298 1985 357 2048 per
380 1963 524 2028 ordinem
548 1965 621 2046 [pro
646 1963 770 2044 ordine]
795 1985 926 2028 suarum
949 1964 1090 2046 partium
1114 1967 1248 2028 mutare.
1286 1962 1368 2028 Sunt
1390 1967 1498 2028 autem
1516 1983 1624 2026 uersus

299 2070 361 2134 duo
385 2069 418 2133 hi

555 2177 694 2242 Dissonn
716 2177 886 2242 laesarum
909 2177 1027 2241 ariamiri
1048 2179 1180 2242 stolatae
1199 2179 1337 2260 pandens

558 2283 704 2348 Grandia
726 2283 857 2348 cessator
879 2283 1016 2350 Phoebeo
1039 2285 1181 2349 correano
1198 2284 1322 2366 plectra.

387 2459 478 2524 Idem
501 2484 613 2526 uersus
637 2465 670 2525 et
692 2484 749 2546 per
768 2461 942 2525 amfractus
961 2461 1069 2526 uarios
1089 2484 1199 2526 susum
1218 2483 1255 2526 ac
1270 2461 1419 2525 deorsum
1438 2460 1628 2523 discurrunt.

299 2567 338 2632 In
365 2566 427 2630 hac
456 2567 567 2631 eadem
594 2569 717 2652 pagina
745 2570 898 2652 quattuor
925 2567 1082 2651 quadrata
1096 2567 1309 2652 [quadratae]
1339 2568 1372 2630 in
1400 2567 1529 2651 angulis
1557 2568 1629 2629 sunt

285 2682 449 2741 ‘senarum
472 2675 669 2758 litterarum,
694 2674 756 2738 duo
780 2675 911 2759 trigona
934 2679 966 2738 et
990 2675 1052 2740 duo
1077 2679 1237 2760 octogona
1260 2675 1385 2740 maiora
1407 2673 1576 2736 dimidiata
1600 2675 1630 2734 et

299 2803 399 2844 unum
426 2780 632 2865 hexagonum
659 2781 694 2845 in
721 2781 826 2846 medio
855 2784 888 2844 et
915 2781 1043 2845 scalena
1075 2803 1132 2866 per
1159 2781 1295 2866 angulos
1324 2783 1490 2864 quattuor,
1523 2779 1630 2842 omnia

300 2887 371 2972 pari
389 2909 523 2952 numero
542 2887 722 2952 litterarum
741 2891 773 2951 et
795 2885 866 2970 pari
891 2887 1001 2951 ordine
1025 2889 1201 2952 crescentia
1223 2888 1275 2952 nel
1299 2885 1529 2968 decrescentia,
1554 2886 1630 2948 item

226 3025 227 3029 ,
301 2993 347 3076 [id
370 2995 433 3075 est]
458 2993 567 3059 omnia
589 2993 723 3078 similia,
749 2994 881 3078 trigona
903 2994 1055 3079 trigonio,
1083 2997 1243 3080 octogona
1266 2993 1449 3078 octogoniS,
1472 2991 1630 3074 quadrata

301 3100 480 3184 quadratis,
504 3099 632 3164 scalena
655 3101 801 3165 scalenis.
